2430 3632
724 288 760 317 Α.
810 286 1058 319 ΤΒΙυΜΡΗυδ
1084 287 1236 319 Ducum
1263 288 1548 321 ROMANORUM.
2082 286 2129 322 47

820 384 945 426 Diod.
974 385 1131 430 XXXI.
1160 387 1197 430 8.
1226 387 1370 428 9—12.
1400 387 1467 428 Di.

0 497 3 499 μ
89 473 119 504 n
138 459 437 509 ὀκτακόσιαι
461 458 860 523 καθωπλισμέναι.
908 465 966 524 τῇ
1015 461 1067 508 δὲ
1109 461 1302 524 δευτέρᾳ
1339 462 1675 527 προεκομίσθη
1712 463 2013 526 νομισμάτων
2049 464 2128 512 τά-

139 529 284 581 λαντα
335 530 472 595 χίλια,
531 530 751 594 ἀργύρου
798 531 998 579 τάλαντα
1046 531 1243 596 δισχίλια
1292 533 1526 595 διακόσια,
1576 534 1873 597 ἐκπωμάτων
1919 535 2122 599 πλῆθος,

138 601 427 667 ἀγαλμάτων
479 602 558 650 καὶ
613 602 904 664 ἀνδριάντων
957 603 1185 650 ποικίλων
1238 605 1413 666 ἅμαξαι
1468 605 1780 662 πεντακόσιαι,
1839 607 2033 662 ἀσπίδες
2079 624 2128 655 τε

87 686 124 719 ia
137 679 318 738 χρυσαῖ
346 674 427 722 καὶ
462 675 657 728 πίνακες
686 673 1027 736 ἀναθεματικοὶ
1062 674 1344 737 πάμπολλοι.
1381 680 1438 739 τῇ
1468 677 1597 740 τρίτῃ
1628 681 1934 741 προηγοῦπο
1964 677 2127 725 λευκαὶ

134 742 254 809 βόες
297 744 546 807 εὐπρεπεῖς
592 744 763 792 ἑκατὸν
808 745 968 802 εἴκοσι,
1022 749 1205 809 χρυσοῦ
1253 746 1452 794 τάλαντα
1494 747 1546 794 ἐν
1586 747 1834 811 φορήμασι
1869 748 2127 805 διακοσίοις
2143 765 2163 795 5

137 814 311 880 abzoae,-
355 815 501 880 φιάλη
556 816 673 864 δέκα
727 815 966 863 ταλάντων
1018 821 1202 880 χρυσοῦ
1257 817 1483 875 διάλιθος,
1537 819 1865 883 χρυσωμάτων
1912 826 2127 868 παντοῖαι

129 887 424 952 ,κατασκευαὶ
465 887 704 935 ταλάντων
745 886 874 944 δέκα,
921 886 1187 950 ἐλεφάντων
1226 888 1417 944 ὀδόντες
1454 889 1665 953 δισχίλιοι
1701 891 1951 954 τριπήχεις,
1993 892 2124 954 ἅρμα

135 957 434 1022 ἐλεφάντινον
468 958 523 1006 ἐκ
560 963 744 1022 χρυσοῦ
779 958 860 1005 καὶ
891 958 1052 1014 λίθων,
1087 961 1231 1013 ἵππος
1260 960 1493 1023 φαλάροις
1523 961 1755 1016 διαλίθοις
1785 962 1865 1009 καὶ
1896 967 1952 1025 τῇ
1984 962 2124 1026 λοιπῇ

137 1035 408 1093 κατασκευῇ
458 1028 701 1093 διαχρύσῳ
746 1029 1016 1092 πολεμικῶς
1064 1030 1435 1094 κεκοσμημένος,
1489 1031 1624 1095 κλίνη
1668 1038 1823 1096 χρυσῆ
1861 1040 2126 1096 στρωμναῖς

86 1139 88 1142 .
135 1099 424 1149 πολυανθέσι
468 1100 840 1164 κατεστρωμένη,
881 1107 1078 1164 φορεῖον
1111 1106 1324 1165 χρυσοῦν
1358 1103 1815 1166 περιπεπετασμένον
1849 1103 2118 1167 πορφύραν,
2146 1120 2178 1149 ιο

135 1170 208 1236 ἐφ’
257 1171 330 1228 οἷς
374 1170 594 1235 Περσεὺς
641 1172 669 1219 ὁ
718 1171 956 1236 δυστυχὴς
989 1170 1211 1235 βασιλεὺς
1247 1173 1550 1220 Μακεδόνων
1585 1175 1684 1237 ἅμα
1722 1175 1855 1222 δυσὶν
1890 1176 2008 1230 υἱοῖς
2043 1176 2123 1223 καὶ

135 1242 342 1307 θυγατρὶ
376 1249 462 1307 μιᾷ
496 1243 576 1291 καὶ
606 1249 702 1298 τοῖς
732 1243 932 1306 ἡγεμόσι
963 1244 1220 1298 διακοσίοις
1251 1244 1553 1308 πεντήκοντα.
1583 1246 1804 1308 στέφανοι
1835 1247 2124 1308 τετρακόσιοι

137 1313 359 1370 δοθέντες
404 1315 460 1362 ἐκ
508 1319 602 1362 τῶν
637 1314 825 1362 πόλεων
860 1314 939 1361 καὶ
977 1319 1070 1361 τῶν
1104 1314 1349 1377 βασιλέων,
1392 1315 1471 1362 καὶ
1509 1315 1583 1363 ἐπὶ
1620 1322 1762 1364 πᾶσιν
1797 1317 2015 1381 Αἰμίλιος
2050 1318 2120 1381 ἐφ’

136 1385 350 1450 ἅρματος
383 1385 683 1450 ἐλεφαντίνου
720 1386 1115 1449 καταπληκτικοῦ.

936 1621 976 1656 Β.
1028 1621 1161 1657 Penei
1187 1621 1321 1657 fatum.

771 1750 981 1791 Diodorus
1009 1750 1163 1794 XXXI,
1194 1751 1230 1792 9.
1261 1752 1371 1792 1—5.
1403 1750 1470 1791 Di.

131 1834 282 1872 mosim
345 1824 444 1874 Ὅτι
492 1826 685 1888 Περσέα
735 1825 816 1872 τὸν
865 1825 1125 1872 τελευταῖον
1166 1825 1472 1880 Μακεδονίας
1507 1826 1714 1888 βασιλέα,
1756 1827 1984 1883 πολλάκις
2014 1828 2121 1876 Ῥω·
2143 1844 2174 1872 15

130 1896 167 1930 Ρ·
199 1883 280 1921 ⁵¹⁶·
355 1898 512 1960 μαίοις
548 1897 624 1944 διὰ
661 1897 816 1961 φιλίας
852 1897 993 1952 ἰόντα,
1029 1896 1256 1950 πολλάκις
1286 1897 1338 1943 δὲ
1370 1896 1448 1943 καὶ
1479 1902 1670 1960 στρατιᾷ
1701 1898 1791 1945 οὐκ
1823 1899 2121 1963 άναξιολόγῳ

130 1968 477 2033 πολεμήσαντα,
518 1968 649 2023 τέλος
684 1967 903 2031 Αἰμίλιος
939 1967 1335 2031 καταπολεμήσας
1371 1968 1473 2024 εἷλε,
1515 1969 1594 2016 καὶ
1626 1969 1846 2032 λαμπρὸν
1876 1971 2121 2034 θρίαμβον

131 2039 218 2097 ἐπὶ,
254 2045 312 2104 τῇ
360 2041 468 2104 νίκῃ
518 2040 773 2104 κατήγαγε.
826 2037 1041 2101 Περσεὺς
1088 2038 1140 2085 δὲ
1191 2038 1485 2102 τηλικαύταις
1526 2039 1792 2102 περιπεσὼν
1833 2048 2114 2105 συμφοραῖς,

131 2111 251 2159 ὥστε
290 2111 450 2159 δοκεῖν
485 2112 627 2174 ὅμοια
664 2109 842 2174 μύθοις
877 2110 1123 2173 ἀγενήτοις
1159 2109 1272 2157 εἶναι
1311 2110 1364 2156 τά
1402 2110 1541 2174 πάθη
1578 2111 1633 2158 τά
1670 2111 1775 2173 περὶ
1813 2112 1969 2169 αὐτόν,
2012 2113 2117 2160 οὐδ’

186 2347 215 2375 n
272 2333 290 2373 ὁ
318 2333 343 2373 δ
481 2333 523 2379 ἧς
549 2331 756 2384 Bne-thebe]
788 2330 850 2372 Ex
878 2340 1042 2372 auctore
1072 2330 1259 2371 Romano
1286 2344 1369 2371 non
1401 2331 1554 2371 vide1ur
1582 2330 1755 2372 fluxisse.
2010 2358 2014 2360 -

187 2399 220 2429 is
270 2386 366 2427 “Ort
450 2386 568 2435 epo-ia
610 2385 738 2438 e.q.s.]
795 2385 995 2425 Nissenus
1037 2386 1088 2434 (p.
1133 2385 1224 2433 304)
1266 2391 1493 2424 existimans
1536 2384 1690 2425 fabulas
1732 2386 1795 2426 hic
1827 2400 1985 2427 narrare
2015 2386 2117 2428 Dio-

129 2440 285 2485 domm.
312 2453 403 2481 cum
432 2439 628 2492 Polybius
655 2445 740 2490 ipse
768 2438 907 2490 (Diod.
938 2436 1092 2480 XXXI.
1123 2438 1158 2477 8.
1191 2438 1228 2486 2)
1257 2447 1446 2477 memoret
1462 2437 1647 2478 Perseum
1664 2445 1701 2479 in
1718 2438 1877 2479 liberam
1893 2440 2116 2481 custodiam

130 2500 291 2536 nusum
341 2492 474 2537 tuisse.
525 2492 786 2545 fragmentum
837 2499 1014 2532 nostrum
1067 2490 1242 2541 Polybio
1292 2491 1505 2531 abiudicat.
1563 2491 1715 2535 Iniuria.
1758 2498 1790 2532 si
1831 2493 1927 2543 quid
1968 2494 2116 2539 video:

130 2552 304 2589 nuntio
343 2553 447 2588 enim
489 2552 575 2598 ipsa
617 2560 678 2587 me
712 2546 841 2586 iudice
871 2544 1092 2585 fabulosior
1120 2557 1202 2584 non
1230 2552 1302 2587 est.
1331 2558 1449 2594 quarn
1479 2552 1521 2584 ut
1549 2558 1635 2585 eam
1670 2559 1720 2585 ex
1749 2544 1926 2597 Polybio
1954 2546 2116 2588 fluxisse

130 2600 349 2644 cred-mm.
378 2599 577 2651 habetque
619 2606 704 2651 ipse
747 2598 943 2650 Polybius
984 2598 1015 2649 (ξ
1045 2597 1082 2648 5)
1126 2596 1310 2637 Perseum
1349 2606 1491 2648 postea
1520 2598 1701 2639 liberiore
1727 2600 1912 2640 custodia
1939 2599 2115 2641 habitum

130 2653 252 2697 fuisse
291 2654 356 2705 (τίς
398 2651 680 2702 &temler-:⁵1:211
725 2654 856 2697 assei„-
896 2652 1096 2703 φυλακήν).
1154 2649 1372 2691 Praeterea.
1402 2651 1512 2701 quod
1540 2651 1591 2691 de
1620 2662 1661 2692 tu
1714 2658 1722 2691 i
1751 2651 1953 2693 hominum
1980 2666 2116 2694 amore

130 2713 238 2749 vlt-e
270 2706 413 2759 iegitur
438 2706 457 2759 ξ
485 2708 510 2747 4
537 2720 627 2747 cum
657 2705 817 2757 Polybii
846 2712 976 2745 mente
1004 2717 1166 2755 prorsus
1193 2717 1419 2755 congruens
1444 2703 1507 2754 (cf.
1539 2703 1625 2745 Pol.
1695 2704 1781 2747 XX.
1808 2706 1914 2746 6-9
1942 2713 2115 2757 passim:

131 2774 171 2802 v.
199 2758 318 2802 Scala
344 2760 412 2801 die
439 2758 609 2800 Studien
638 2760 712 2800 des
742 2757 935 2810 Polybius
955 2756 968 2797 1
985 2771 1023 2808 p.
1042 2757 1129 2799 212.
1147 2758 1224 2806 ss).
1241 2756 1346 2796 hunc
1361 2758 1499 2808 procui
1516 2757 1642 2798 dubio
1658 2757 1736 2798 fere
1751 2769 1954 2799 auctorem
1970 2759 2113 2810 prodit.

129 2812 330 2857 Ceterum,
370 2813 482 2865 quod
522 2819 662 2854 attinet
702 2812 754 2852 ad
788 2812 919 2852 locum
961 2810 1077 2851 huius
1119 2809 1336 2861 fragmenti.
1379 2809 1514 2850 Livius
1568 2824 1603 2851 c.
1646 2812 1709 2853 42.
1739 2813 1778 2862 4)
1804 2826 1853 2853 ac
1882 2812 2116 2854 Plutarchus

28 2903 33 2906 Δ
129 2865 260 2919 (Αεηι.
305 2865 421 2908 Paul,
466 2880 501 2907 c.
545 2867 609 2917 37)
652 2865 783 2906 Persei
835 2864 956 2905 fatum
1000 2869 1097 2914 post
1135 2868 1303 2903 amissos
1346 2862 1503 2903 Aemilii
1578 2863 1658 2905 auli
1702 2864 1847 2906 liberos
1887 2875 2115 2907 enarrantes

128 2926 215 2962 dne
266 2919 394 2962 dubio
447 2919 661 2971 Polybium
716 2932 799 2959 non
854 2926 1083 2968 sequuntur.
1139 2930 1229 2956 cum
1281 2922 1318 2955 in
1369 2915 1578 2967 Excerptis
1630 2916 1805 2958 Maianis
1855 2917 2114 2971 §momentum

130 2973 209 3016 359
248 2979 471 3014 inveniatur
510 2980 606 3013 ante
648 2972 907 3024 fraqmentum
950 2984 987 3010 n.
1032 2970 1120 3012 361.
1152 2968 1387 3009 Boissevain
1416 2984 1453 3020 p.
1485 2970 1573 3013 373.
1602 2971 1714 3021 quod
1741 2971 1791 3011 de
1820 2981 1946 3013 morte
1974 2973 2113 3013 horum

24 3026 46 3067 ἔ
129 3025 341 3069 llberomm
422 3033 460 3067 it.

9 3074 47 3092 ‘
181 3077 249 3121 De
289 3040 548 3123 LivmeLV.
590 3080 653 3122 42,
698 3080 722 3118 4
764 3077 857 3117 vide
899 3091 990 3127 app.
1031 3074 1165 3118 xvii.
1194 3075 1244 3115 de
1275 3074 1376 3115 Piut.
1407 3075 1521 3115 Aem.
1553 3074 1667 3116 Paul.
1695 3091 1730 3117 c.
1761 3078 1810 3118 37
1838 3092 1931 3130 app.
1961 3077 2111 3119 XV111.
