2430 3632
294 257 317 293 6
965 258 1121 287 OLYMP.
1150 252 1227 294 153,
1257 252 1294 286 1:
1322 257 1395 288 RES
1422 258 1598 287 lTALlAE.

432 358 518 399 Pol.
548 357 685 400 ΧΧΧ,
719 357 818 396 1-3
847 355 995 401 B-W.;
1025 355 1105 395 Hu.
1557 355 1643 395 Liv.
1672 355 1805 400 XLV.
1838 357 2004 401 19—20.
2033 359 2069 397 3.

295 439 386 481 τῶν
422 433 651 479 ἀπόνοιαν
687 431 766 477 καὶ
802 430 941 476 πάλιν
976 431 1041 483 εἰς
1077 429 1162 491 τὴν
1192 430 1243 483 ἐξ
1315 432 1543 478 Gallorum
1599 434 1904 483 defectionem,
1962 452 2076 491 quae
2129 452 2268 492 nuper

294 507 447 568 ἀρχῆς
465 501 637 556 αὐτοὺς
656 500 1129 563 ἀποκαταστήσοντας
1142 500 1240 546 διά-
1313 512 1479 560 ingenti
1530 515 1652 549 motu
1698 505 1815 549 facta
1862 505 1987 560 erat],
2036 513 2264 562 exposuit:

294 577 425 623 θεσιν
437 573 726 636 παρεκάλεσε
738 572 814 618 διὰ
827 571 1064 618 πλειόνων.
1083 571 1243 634 ἑποιή-
1316 583 1437 631 petit.
1470 585 1516 620 ut
1548 576 1718 631 legatos
1749 583 1938 620 mitteret
1961 577 2019 621 ad
2041 593 2131 625 eos,
2154 593 2265 633 quo-
2304 587 2322 616 2

293 664 407 694 σατο
437 646 487 692 δὲ
519 645 692 707 λόγους
723 644 801 690 καὶ
826 642 931 704 περὶ
955 647 1039 705 τῆς
1065 641 1242 689 Αἰνίων
1313 663 1407 690 rum
1438 653 1701 696 auctoritate
1727 647 1785 702 ab
1808 654 1938 691 armis
1959 657 2265 692 avocarentur.

294 718 372 765 καὶ
403 723 485 780 τῆς
516 716 838 777 Μαρωνειτῶν
867 713 1060 768 πόλεως,
1097 714 1242 767 ἀξιῶν
1268 728 1286 756 5
1313 717 1379 761 his
1410 734 1492 773 pro
1524 725 1655 774 regni'
1678 718 1863 762 utilitate
1890 718 2016 762 editis
2037 719 2266 767 mandatis,

294 789 420 851 αὐτῷ
450 788 655 849 δοθῆναι
685 784 853 838 ταύτας
877 785 927 830 ἐν
951 785 1119 846 δωρεᾷ.
1161 784 1243 830 τὸν
1313 787 1487 833 Aenum
1525 789 1607 832 sibi
1643 798 1687 832 et
1719 788 1986 833 Maroneam
2018 796 2139 844 petit.
2190 788 2267 844 [ita
2305 799 2323 828 3

293 861 344 907 δὲ
393 859 511 905 κατὰ
559 862 642 904 τοῦ
690 855 920 919 βασιλέως
967 855 1113 917 λόγον
1161 854 1240 901 καὶ
1312 860 1519 904 destituta
1556 876 1707 904 eorum
1744 875 1835 914 spe,
1868 866 1942 916 qui
1973 859 2108 904 fratre
2137 876 2267 904 accu-

292 931 373 978 τόν
420 930 525 991 περὶ
567 933 651 975 τοῦ
693 931 924 990 μερισμοῦ
967 932 1050 989 τῆς
1086 927 1240 989 ἀρχῆς
1312 940 1409 974 sato
1441 937 1720 986 partitionem
1752 937 1875 985 regni
1907 937 2141 986 petiturum
2172 946 2266 975 cre-

292 1004 356 1056 εἰς
392 1001 521 1054 τέλος
557 998 926 1061 παρεσιώπησεν.
982 998 1013 1059 ἡ
1045 997 1096 1044 δὲ
1128 995 1241 1059 σύγ-
1314 1001 1528 1049 diderant‚
1561 1008 1680 1045 curia
1702 1008 1896 1046 excessit.
1933 1000 2012 1056 [ut]
2036 1018 2137 1046 raro
2158 1002 2266 1046 alias

293 1073 463 1135 κλητος
492 1069 899 1132 ὑπολαμβάνουσα
930 1068 1068 1114 πάλιν
1099 1064 1244 1115 αὐτὸν
1265 1081 1297 1110 10
1316 1079 1543 1128 quisquam
1582 1088 1656 1116 rex
1692 1082 1769 1116 aut
1805 1079 2003 1128 privatus
2040 1082 2164 1117 tanto
2200 1073 2267 1117 fa-

292 1145 383 1205 ἰδίᾳ
444 1142 549 1204 περὶ
603 1140 780 1188 τούτων
834 1138 1234 1201 εἰσπορεύσεσῦαι,
1311 1159 1422 1187 vore
1469 1153 1682 1199 tantoque
1728 1150 1920 1188 omnium
1965 1143 2154 1188 adsensu
2199 1153 2266 1188 est

292 1213 401 1268 τούς
425 1231 472 1260 τε
496 1211 786 1275 πρεσβευτὰς
810 1210 1111 1273 συμπέμψειν
1129 1210 1239 1256 ὕπέ-
1312 1215 1512 1258 auditus:
1556 1214 1758 1258 omnibus
1799 1210 2040 1258 honoribus
2078 1220 2266 1259 muneri-

291 1303 427 1349 σχετο
477 1285 555 1330 καὶ
604 1289 698 1337 τοῖς
745 1281 1026 1344 εἰθισμένοις
1068 1281 1241 1342 δώροις
1313 1286 1483 1340 busque
1514 1295 1557 1329 et
1589 1301 1795 1341 praesens
1826 1295 1891 1329 est
1921 1285 2061 1329 cultus
2092 1294 2135 1330 et
2162 1301 2265 1341 pro-

292 1358 503 1419 ἐτίμησεν
534 1350 678 1401 αὐτὸν
708 1353 1056 1416 μεγαλομερῶς·
1094 1353 1240 1415 ε’πηγ-
1313 1356 1578 1400 ficiscentem
1610 1363 1830 1411 prosecuti
1861 1355 1990 1411 sunt]

293 1427 474 1490 γείλατο
530 1426 581 1472 δὲ
635 1425 714 1471 καὶ
762 1424 843 1478 τὰς
896 1423 1243 1486 προειρημένας
1264 1437 1296 1466 15

290 1498 447 1552 πόλεις
488 1497 664 1544 δώσειν.
725 1495 885 1557 ἐπειδὴ
929 1495 980 1541 δὲ
1022 1493 1240 1556 παραυτά

291 1569 445 1632 τυχὼν
490 1573 582 1614 τῶν
624 1566 978 1630 φιλανθρώπων
1020 1566 1242 1628 ὥρμησεν

290 1641 344 1687 ἐκ
390 1646 472 1702 τῆς
509 1639 688 1701 Ῥώμης
731 1637 870 1684 οὐδὲν
911 1637 1114 1700 ποιήσας
1149 1641 1242 1682 τῶν

291 1710 715 1773 προσδοκωμένων,
764 1708 1105 1771 διαψευσθεϊσα
1149 1713 1242 1754 τῶν

274 1783 492 1829 ’ἐλπίδων
528 1782 558 1843 ἡ
597 1779 861 1842 σύγκλητος
897 1778 1012 1825 ἄλλο
1042 1779 1129 1841 μὲν
1161 1779 1240 1825 οὐ-
1260 1793 1296 1821 20

293 1854 372 1900 δὲν
421 1853 514 1915 εἶχε
562 1858 720 1906 ποιεῖν,
775 1851 837 1896 ἔτι
886 1850 937 1896 δὲ
987 1849 1106 1896 κατὰ
1155 1850 1241 1912 τὴν

286 1924 480 1970 Ἰταλίαν
517 1925 652 1976 ὄντος
682 1922 828 1968 αὐτοῦ
859 1921 943 1983 τὴν
973 1921 1059 1983 μὲν
1089 1920 1240 1967 Αἶνον

292 1995 370 2041 καὶ
425 1994 509 2056 τὴν
557 1993 846 2054 Μαρώνειαν
895 1992 1234 2055 ἠλευθέρωσεν,

292 2066 562 2128 ἀθετήσασα
600 2064 684 2126 τὴν
719 2063 1012 2125 ἐπαγγελίαν,
1049 2061 1158 2117 τοὺς
1189 2062 1240 2109 δὲ

291 2137 396 2198 περὶ
427 2132 509 2182 τὸν
542 2135 758 2181 Πόπλιον
788 2134 1030 2181 Λικίννιον
1055 2134 1240 2196 ἔπεμψε
1258 2148 1294 2176 25

291 2206 579 2270 πρεσβευτὰς
609 2202 732 2268 πρὸς
762 2204 871 2259 τοὺς
904 2205 1126 2258 Γαλάτας.
1171 2205 1241 2258 οἷς

291 2280 430 2332 ποίας
465 2278 550 2340 μὲν
586 2278 762 2323 ἔδωκεν
791 2276 980 2330 ἐντολὰς
1010 2278 1151 2322 εἰπεῖν
1182 2276 1240 2322 οὐ
1289 2331 1295 2336 ¹

292 2350 468 2410 ῥᾴδιον,
504 2348 818 2411 στοχάζεσθαι
850 2347 892 2394 δ’
926 2347 979 2393 ἐκ
1009 2352 1101 2393 τῶν
1125 2346 1239 2409 μετὰ

292 2425 433 2466 ταῦτα
453 2419 734 2481 συμβάντων
754 2419 811 2464 οὐ
831 2418 1066 2481 δυσχερές.
1103 2422 1240 2464 τοῦτο

293 2491 334 2536 δ’
357 2491 480 2536 ἔσται
500 2490 646 2552 δῆλον
665 2490 717 2536 ἐκ
738 2494 830 2536 τῶν
842 2489 1062 2551 πράξεων
1075 2489 1239 2535 αὐτῶν.
1259 2503 1295 2532 3ο

347 2758 379 2786 16
433 2745 614 2792 mmm&
653 2745 784 2798 τυχὼν
826 2750 902 2783 τὼν
938 2744 1095 2788 Reiske,
1134 2744 1240 2793 παρὰ
1367 2758 1384 2786 9
1439 2745 1508 2797 ut]
1540 2745 1616 2789 del,
1646 2745 1893 2787 Gronovius.

292 2805 368 2837 τῶν
397 2800 610 2851 τοχὲντων.
1462 2808 1464 2810 ’

344 2947 412 2975 6-14
482 2941 523 2973 it
538 2949 561 2973 a
602 2934 628 2972 d
643 2948 664 2973 e
680 2948 698 2972 s
716 2942 732 2973 t
746 2939 757 2972 i
773 2941 787 2972 t
802 2948 828 2972 u
842 2941 858 2972 t
872 2947 969 2972 a—‹s
984 2948 1010 2972 u
1024 2948 1050 2972 n
1065 2933 1108 2984 t.]
1165 2932 1258 2973 Nee
1286 2932 1444 2973 Aenum
1477 2942 1516 2974 et
1544 2934 1783 2974 Maroneam
1807 2934 1949 2974 Attalo
1972 2939 2137 2985 primum
2151 2932 2266 2974 datas

292 3001 385 3027 mox
439 2987 644 3037 ademptas
693 3001 766 3026 nec
816 2986 970 3037 leqatos
1016 2992 1234 3036 promissos
1284 3000 1358 3026 nec
1408 2987 1594 3027 mandata
1635 2987 1773 3027 Licinii
1821 2987 1904 3027 ullo
1954 2987 2081 3027 verbo
2129 2986 2265 3027 Livius

293 3048 506 3085 memorat;
535 3048 577 3080 ut
605 3046 757 3079 senatui
785 3047 932 3089 parcat.
962 3039 1175 3089 Polybium
1203 3040 1407 3090 depravat,
1465 3040 1530 3080 De
1559 3039 1748 3081 Diodoro
1776 3040 1930 3084 XXXI,
1960 3041 1983 3079 7
2012 3054 2052 3080 v.
2080 3054 2173 3091 app.
2203 3039 2230 3079 I.
