2430 3632
943 806 1245 861 THESES.

1079 1126 1111 1171 1.

234 1269 399 1316 Persen
444 1287 472 1315 a
519 1269 731 1316 Romanis
759 1279 937 1326 captum
968 1285 1065 1315 esse
1096 1268 1310 1326 Polybius
1338 1285 1459 1314 anno
1489 1267 1674 1325 Olymp.
1712 1270 1807 1317 152.
1840 1270 1868 1312 4
1898 1283 2019 1314 com-

174 1351 417 1389 memorat:
464 1347 680 1387 immerito
726 1339 893 1386 Beloch
942 1338 1232 1386 Gn'echische
1280 1337 1551 1386 Geschichte
1598 1339 1675 1389 111.
1723 1341 1750 1384 2
1795 1356 1839 1396 p.
1887 1340 1944 1384 73
1975 1339 2019 1383 id

175 1428 299 1459 anno
327 1411 513 1469 Olymp.
551 1412 647 1460 153.
685 1414 701 1456 l
738 1411 901 1457 factum
933 1427 1030 1457 esse
1058 1421 1270 1457 autumat.

1069 1637 1123 1682 11.

235 1779 375 1827 Recte
403 1780 600 1827 Stahelin
635 1779 905 1826 Geschichte
934 1780 1016 1826 der
1044 1781 1428 1826 kleinasiatischen
1464 1778 1671 1825 Galate?
1701 1796 1745 1835 p.
1777 1780 1836 1824 69
1865 1788 2021 1824 contra

177 1851 366 1899 Frankel
403 1850 499 1901 Die
527 1851 791 1910 Inschriften
826 1868 911 1898 von
942 1850 1197 1909 Pergamon
1229 1868 1272 1896 n.
1310 1851 1391 1896 167
1422 1851 1650 1896 contendit
1685 1850 1874 1895 indutias
1909 1856 2022 1895 inter

178 1921 420 1969 Eumenem
461 1934 506 1968 et
542 1922 699 1969 Gallos
729 1939 809 1980 per
839 1923 1025 1968 hiemem
1062 1923 1144 1967 168
1165 1923 1193 1966 7
1225 1922 1364 1967 factas
1394 1931 1499 1967 ante
1529 1938 1619 1967 non
1649 1931 1755 1979 post
1780 1921 2021 1966 adventum

177 1994 410 2051 legationis
442 1993 490 2038 P.
524 1994 676 2040 Licinii
708 2000 836 2040 initas
866 2010 974 2040 esse.

1063 2208 1138 2254 111.

238 2361 399 2410 Iniuria
447 2362 656 2410 Schaefer
701 2361 1035 2410 Demosthenes
1082 2364 1177 2410 und
1219 2368 1341 2410 scine
1386 2361 1494 2409 Zeit
1539 2361 1600 2408 11³
1645 2379 1688 2419 p.
1742 2363 1821 2408 167
1868 2372 2023 2408 contra

180 2432 355 2481 Franke
384 2433 563 2493 Protea.
595 2440 639 2481 ἰη
673 2434 996 2481 Demosthenis
1026 2445 1138 2481 orat.
1171 2435 1229 2480 de
1258 2434 1373 2492 falsa
1407 2435 1628 2492 legatione
1659 2451 1701 2490 p.
1736 2435 1784 2478 21
1823 2451 1856 2479 s.
1891 2443 2023 2490 neqat

181 2504 472 2552 Philocratem
517 2516 622 2564 post
665 2505 913 2562 Olynthum
960 2513 1148 2552 excisam
1194 2506 1405 2563 populum
1453 2512 1692 2563 roqavisse.
1734 2515 1781 2550 ut
1819 2504 2024 2561 Philippo

180 2576 328 2623 liceret
359 2583 480 2634 pacis
510 2578 729 2634 petendae
759 2593 892 2623 causa
923 2584 1119 2622 nuntium
1151 2588 1195 2622 et
1227 2577 1398 2634 leqatos
1428 2576 1629 2622 Athenas
1661 2584 1844 2621 mittere.

1066 2800 1145 2847 IV.

242 2942 290 2990 In
338 2945 595 2990 renovanda
636 2943 979 3001 Gymnasiotum
1013 2951 1284 2990 institutione
1314 2944 1647 2999 antiquitatibus
1678 2960 1793 2999 quae
1823 2943 2025 2989 dicuntur

181 3022 364 3072 privatis
396 3023 533 3061 maior
564 3017 686 3061 locus
716 3017 887 3061 dandus
918 3026 996 3063 est.
1029 3031 1159 3072 quam
1193 3015 1325 3060 hodie
1356 3022 1418 3059 eis
1448 3015 1625 3060 attribui
1658 3016 1781 3060 solet.
