2430 3632
316 269 363 305 40
977 273 1133 303 OLYMP.
1162 267 1242 313 153,
1267 267 1311 303 2:
1338 273 1412 304 RES
1438 273 1615 303 1TAL1AE.

463 373 565 412 Plut.
594 372 710 412 Aem.
740 371 853 411 Paul.
884 385 917 411 c.
947 372 1116 411 30—31.
1421 371 1507 411 Liv.
1537 371 1671 415 XLV,
1700 372 1870 415 35—37.
1899 373 1949 418 22
1979 373 2041 416 39,
2071 373 2214 413 3—20.

317 448 368 495 δὲ
404 447 485 494 τὸν
522 447 716 509 Γάλβαν
753 447 801 493 οἰ
831 450 1102 507 στρατιῶται
1135 445 1267 492 συνέ-
1519 489 1521 491 .

317 519 503 581 ὃραμον
560 516 845 579 θρασύτεροι
889 516 1147 579 γεγονότες,
1189 516 1269 563 καὶ
1478 541 1483 545 -
1584 521 1649 565 his
1689 522 1874 566 vocibus
1915 529 2080 567 incitati
2111 533 2293 578 postero
2312 533 2332 562 6

316 589 721 652 συγκροτήσαντες
786 586 958 642 αὐτοὺς
1022 587 1128 649 περὶ
1188 587 1270 634 τὸν
1341 592 1412 635 die
1458 592 1612 635 milites
1658 601 1780 636 tanta
1821 593 2066 649 frequentia
2108 592 2292 649 Capito-

316 661 502 723 ὄρθρον
550 659 692 714 αὖθις
732 658 1173 721 καταλαμβάνονται
1215 656 1268 704 τὸ
1340 662 1442 706 lium
1474 661 1805 718 conpleverunt,

317 731 634 778 Καπετώλιον·
678 731 779 777 ἐκεῖ
817 729 910 792 γὰρ
949 731 997 776 οἱ
1029 729 1270 792 δήμαρχοι
1296 745 1314 773 5

316 802 401 865 τὴν
435 802 689 866 ἐκκλησίαν
724 801 919 864 ἔμελλον
955 801 1091 855 ἄξειν.

1346 874 1408 930 [ut
1447 875 1591 919 aditus
1631 876 1734 919 nulli
1776 885 2004 931 praeterea
2043 877 2102 921 ad
2136 876 2292 922 suffra-

1342 953 1459 1002 qium
1491 946 1717 990 ferendum
1750 946 1892 1002 esset]

316 1016 401 1066 31.
464 1014 592 1077 Ἅμα
648 1015 691 1061 δ’
750 1014 905 1077 ἡμέρᾳ
959 1019 1043 1077 τῆς
1097 1013 1270 1077 ψήφου

317 1087 541 1149 δοθείσης
599 1087 631 1149 ἤ
685 1103 732 1132 τε
786 1085 951 1148 πρώτη
1006 1084 1134 1147 φυλὴ
1189 1084 1270 1131 τὸν
1291 1099 1323 1127 ¹0
1759 1094 1883 1133 'intro
1915 1098 2104 1133 vocatae
2128 1096 2294 1145 primae
2313 1100 2331 1128 '1

316 1158 561 1220 θρίαμβον
628 1158 967 1220 ἀπεψηφίζετο,
1041 1156 1120 1203 καὶ
1186 1160 1270 1202 τοῦ
1342 1159 1480 1204 tribus
1511 1175 1606 1204 cum
1639 1166 1931 1216 antiquarent.
2247 1152 2251 1156 ’

315 1229 595 1291 πράγματος
637 1228 856 1291 αἴσθησις
888 1223 962 1281 ἐἰς
1004 1227 1085 1274 τὸν
1127 1227 1271 1274 ἄλλον

316 1301 472 1363 δῆμον
525 1299 604 1346 καὶ
651 1299 737 1362 τὴν
783 1298 1050 1362 σύγκλητον
1098 1301 1270 1360 κατῄει.

316 1371 413 1418 Καὶ
449 1370 501 1417 τὸ
538 1370 625 1433 μὲν
654 1370 845 1433 πλῆθος
874 1369 1176 1431 ὑπεραλγοῦν
1205 1377 1270 1431 τῷ

315 1442 759 1505 προπηλακίζεσθαι
813 1440 893 1488 τὸν
947 1440 1167 1503 Αἰμίλιον
1219 1440 1270 1487 ἐν
1293 1455 1324 1483 ι5

316 1519 495 1576 φωναῖς
531 1514 591 1576 ἦν
628 1513 898 1575 ἀπράκτοις,
941 1513 990 1558 οἱ
1016 1512 1067 1559 δὲ
1100 1528 1269 1574 γνωρι-
1970 1531 2207 1560 concursus
2247 1523 2290 1560 in

316 1584 519 1647 μώτατοι
579 1589 671 1631 τῶν
731 1583 827 1630 ἀπὸ
881 1583 1064 1646 βουλῆς
1118 1582 1271 1629 δεινὸν
1343 1585 1610 1641 Capitolium
1652 1593 1894 1642 principum
1931 1593 2119 1631 civitatis
2155 1587 2295 1632 factus

315 1655 430 1702 εἶναι
477 1655 529 1702 τὸ
580 1656 827 1718 γινόμενον
874 1655 1081 1717 βοῶντες
1128 1653 1270 1716 ἀλλή-
1342 1667 1420 1704 est,
1468 1657 1690 1713 indignum
1738 1658 1904 1702 facinus
1945 1674 2039 1702 esse
2069 1658 2294 1702 clamitan-

317 1727 429 1781 λους
481 1719 784 1788 παρεκάλουν
831 1725 1140 1788 ἐπιλαβέσθαι
1187 1730 1271 1787 τῆς
1343 1735 1448 1771 tium
1496 1728 1544 1772 L.
1589 1728 1770 1772 Paulum
1809 1735 1917 1772 tanti
1949 1729 2050 1773 belli
2080 1735 2292 1774 victorem

316 1803 408 1845 τῶν
443 1802 736 1860 στρατιωτῶν
766 1797 1007 1859 ἀσελγείας
1037 1796 1116 1843 καὶ
1147 1796 1269 1858 θρα·
1288 1810 1324 1838 20
1342 1799 1576 1854 despoliari
1603 1799 1846 1854 triumpho:
1870 1800 2087 1844 obnoxios
2107 1807 2292 1856 impera-
2313 1811 2332 1839 8

316 1868 524 1932 σύτητος,
560 1869 634 1916 ἐπὶ
657 1875 753 1915 πᾶν
777 1868 1065 1931 ἀφιξομένης
1089 1868 1271 1929 ἄνομον
1343 1859 1460 1913 tores
1507 1870 1619 1913 tradi
1665 1870 1864 1914 licentiae
1909 1880 2043 1926 atque
2083 1878 2295 1916 avaritiae

317 1941 460 2002 ἔργον
497 1941 576 1986 καὶ
611 1941 768 2002 βίαιον
797 1942 838 1986 εἰ
867 1939 1017 2002 μηδὲν
1047 1937 1271 2001 ἐμποδὼν
1344 1941 1526 1984 militari.
1578 1948 1662 1984 iam
1710 1957 1823 1985 nunc
1869 1947 1994 1985 nimis
2039 1958 2172 1997 saepe
2217 1959 2295 1998 per

318 2012 475 2065 αὐτοῖς
542 2011 721 2074 γένοιτο
787 2010 988 2057 Παῦλον
1052 2009 1272 2072 Αἰμίλιον
1342 2012 1624 2055 ambitionem
1668 2018 1866 2066 peccari;
1910 2012 2027 2067 quid.
2065 2019 2099 2056 si
2130 2013 2294 2057 domini

318 2082 574 2144 ἀφελέσθαι
611 2088 703 2129 τῶν
739 2082 974 2129 ἐπινικίων
1010 2085 1165 2143 τιμῶν.
1344 2082 1498 2126 milites
1575 2083 1911 2138 imperatoribus
1981 2085 2295 2139 imponantur?

1290 2165 1325 2194 25
1347 2151 1406 2208 [in
1452 2151 1641 2197 Galbam
1689 2169 1771 2207 pro
1817 2170 1863 2197 se
1909 2160 2093 2209 quisque
2132 2155 2296 2209 probra

1344 2223 1573 2279 ingerere]

1397 2387 1433 2415 22
1486 2374 1742 2414 militari.
1794 2380 1895 2413 iam
1937 2375 2096 2427 nunc]
2141 2376 2297 2427 Jacobs.

1347 2429 1639 2468 militariinuno.
1672 2449 1717 2461 —-
1748 2434 1911 2467 nimis
1962 2443 1980 2467 s
1995 2443 2019 2468 a
2033 2442 2055 2468 e
2070 2443 2098 2479 p
2112 2443 2134 2468 e
2184 2444 2212 2480 p
2225 2444 2248 2470 e
2263 2430 2295 2481 r]

1345 2482 1593 2523 Gronovius,
1622 2486 1867 2531 nimisseper.

373 2647 423 2676 7-8
477 2633 771 2685 ut—esset.]
815 2648 839 2673 a
866 2633 984 2673 Livio
1011 2632 1158 2675 addita.
1189 2639 1231 2671 ut
1258 2645 1339 2670 rem
1367 2636 1551 2673 ornaret3
1580 2627 1629 2667 ei.
1659 2627 1810 2668 Nissen
1839 2643 1876 2679 p.
1908 2630 1970 2668 24.

376 2701 455 2729 ιο-ιι
502 2685 1120 2737 intro—antiquarent.]
1178 2685 1320 2724 Iniuria
1361 2682 1574 2722 Schwarze
1617 2696 1655 2732 p.
1700 2681 1750 2721 56
1793 2690 1906 2731 putat
1947 2689 2062 2722 unius
2099 2682 2298 2723 Plutarchi

320 2742 455 2784 verba,
496 2755 585 2780 curn
627 2740 755 2780 solum
797 2755 932 2787 πρωτη
975 2742 1073 2791 φυλῇ
1116 2738 1156 2778 id
1188 2746 1248 2777 est
1275 2742 1508 2787 principium
1536 2742 1628 2774 ante
1656 2743 1806 2774 ceteras
1834 2735 1886 2774 ad
1914 2735 2144 2787 suffragium
2171 2750 2299 2776 voca-

321 2803 435 2837 retur.
464 2802 617 2834 ceterae
645 2802 775 2833 autem
803 2793 927 2833 tribus
954 2798 1024 2844 μιᾷ
1054 2790 1268 2842 κλὴσῖιᾴζὶ.
1284 2789 1457 2840 Dionys.
1473 2788 1569 2828 Ant.
1586 2787 1702 2831 Rom.
1718 2787 1807 2831 Vll,
1824 2789 1888 2839 59)
1903 2788 2132 2840 suffragium
2146 2795 2298 2833 inirent.

320 2849 371 2887 ad
412 2854 615 2889 rationem.
658 2861 737 2897 qua
778 2846 995 2886 secundum
1038 2845 1146 2896 leges
1188 2843 1418 2894 suffragium
1462 2841 1670 2884 ferebatur,
1713 2841 1917 2891 quadrare.
1960 2842 2069 2882 Nam
2117 2849 2300 2887 „intro

322 2915 534 2940 vocare
575 2900 789 2939 tribus''
827 2899 1057 2950 plerumque
1098 2897 1207 2947 apud
1243 2897 1411 2939 Livium,
1439 2909 1678 2945 quamquam
1706 2901 1833 2934 minus
1862 2903 1978 2938 recte,
2012 2895 2062 2935 de
2103 2910 2299 2936 renun-

322 2960 575 2993 tiatione
617 2953 786 2992 tribuum
827 2951 1067 3003 singularum
1108 2951 1274 2994 dicitur,
1316 2949 1366 2989 cf.
1405 2948 1635 2988 Mommsen
1663 2946 1919 2987 Staatsrecht
1946 2949 1992 2988 ΙΙΙ
2021 2964 2060 2999 p.
2089 2949 2180 2993 399.
2208 2950 2298 2990 409.

377 3019 460 3047 ιιι-16
517 3007 578 3045 καὶ
606 3005 652 3044 τὸ
680 3003 753 3055 μὲν
782 3003 1226 3054 πλῖΞ-ες-ὀπρὰκτεις]
1257 3002 1325 3042 Ad
1352 3008 1539 3041 maiorem
1558 3006 1778 3051 principum
1793 3002 2126 3052 gloriamaLivio
2141 3008 2299 3042 omissa.

375 3072 461 3101 25-26
519 3065 637 3098 in—-i
651 3074 677 3098 n
692 3073 716 3110 q
732 3073 754 3098 e
770 3073 787 3097 r
801 3073 822 3098 e
838 3073 855 3097 r
870 3058 920 3109 e.]
964 3072 988 3097 a
1016 3057 1132 3096 Livio
1160 3056 1296 3095 addita
1324 3055 1519 3095 videntur.
