2430 3632
389 263 436 299 94
1178 269 1450 299 APPEchsss.

390 380 502 424 Cum
535 396 615 425 nec
647 389 823 424 exactus
854 396 1058 424 numerus
1089 380 1259 424 urbium
1291 380 1558 435 direptarum
1591 397 1672 426 nec
1699 364 1788 425 uno
1809 382 1882 426 die
1902 398 1985 437 pro
2008 399 2096 426 una
2119 383 2228 426 hora

388 453 491 496 alibi
542 468 724 507 usquam
771 458 1030 498 inveniatur,
1079 458 1361 506 ineptumque
1407 458 1460 495 sit
1507 461 1595 495 tam
1643 452 1916 496 Macedonia
1962 469 2044 507 pro
2092 451 2229 508 Epiro

389 523 620 567 substituta
670 539 800 578 quam
854 522 1050 566 vendidit
1098 522 1154 566 de
1199 522 1380 566 urbibus
1425 522 1600 570 dictum,
1649 523 1757 567 haec
1804 540 1856 568 ex
1903 523 2093 578 Polybio
2139 540 2229 568 non

387 594 618 638 fluxerunt.

568 734 680 778 Pol.
730 734 882 782 XXIX,
926 734 1012 789 27.]
1077 734 1359 790 Steiqemann
1390 734 1466 779 De
1499 735 1676 792 Polybii
1708 735 2027 793 Olympiadum
2062 741 2230 781 ratione

388 781 504 827 le'
565 823 608 862 p.
661 807 706 849 11
744 822 777 850 s.
824 805 1116 861 fragmentum
1159 806 1243 850 hoc
1275 806 1395 861 (Exc.
1434 806 1572 853 Urs.¹·,
1605 807 1660 850 de
1692 807 1814 851 Boor
1846 825 1887 863 p.
1921 807 2005 862 55).
2039 808 2158 863 quod
2190 814 2229 851 ei

389 885 432 921 in
464 877 552 921 fine
584 874 697 922 τέλος
728 882 801 915 τοῦ
834 873 869 914 λ’
901 873 1023 926 λόγου
1055 877 1345 932 subscriptum
1373 884 1437 923 sit.
1477 877 1590 921 libro
1629 879 1776 921 tribuit
1799 878 1928 935 XXX,
1952 878 2227 922 inserendum

388 956 432 992 in
464 965 532 992 res
564 954 742 991 orientis
773 954 876 990 anni
913 948 993 990 168
1017 948 1056 990 7.
1105 947 1320 991 Nissenus
1352 947 1409 1002 (p.
1438 948 1539 1002 339)
1561 959 1716 992 contra
1737 949 2028 1005 fragmentum
2050 949 2229 1006 aliquod

389 1037 441 1064 ex
472 1020 585 1063 libro
617 1019 733 1062 XXX
765 1019 1053 1073 desumptum,
1086 1025 1154 1062 cui
1186 1019 1425 1074 subsciptio
1457 1019 1528 1063 illa
1554 1026 1598 1063 in
1619 1020 1864 1075 archetypo
1884 1021 2079 1064 additum
2102 1031 2228 1068 esset.

390 1091 598 1135 excidisse
643 1099 780 1144 putat.
831 1089 1007 1133 Rectius
1054 1089 1460 1134 Buettner-Wobst
1499 1090 1570 1145 (ad
1603 1090 1836 1146 Polybium
1870 1091 1938 1135 IV
1970 1109 2011 1147 p.
2045 1091 2146 1146 270)
2177 1108 2229 1136 ea

389 1163 650 1217 subscriptio
697 1161 782 1205 hoc
829 1171 996 1204 tantum
1029 1161 1275 1216 significare
1306 1171 1530 1204 autumat:
1565 1171 1728 1205 sextam
1753 1163 1985 1216 pentadem
2008 1162 2227 1209 desinere:

389 1244 507 1277 recte
552 1240 665 1276 enim
713 1233 974 1276 observasse
1024 1231 1297 1275 Hultschium
1335 1232 1495 1275 nullam
1529 1239 1764 1287 epitomam
1797 1249 1848 1276 ex
1880 1233 1992 1277 libro
2024 1233 2141 1276 XXX
2172 1234 2229 1277 ab

389 1305 617 1359 eclogariis
639 1303 765 1347 huius
787 1303 897 1346 tituli
923 1303 1197 1357 desumptam
1219 1318 1326 1346 esse.
1362 1302 1528 1346 Eadem
1552 1310 1722 1347 ratione
1743 1310 1786 1346 in
1809 1304 1898 1347 fine
1918 1304 2015 1347 libri
2037 1303 2228 1347 XXVIII

388 1382 431 1419 in
478 1375 627 1419 iisdem
674 1374 899 1418 codicibus
944 1373 1139 1417 additum
1186 1389 1282 1417 esse
1327 1371 1440 1419 τέλος
1472 1381 1542 1426 τῆς
1573 1371 1776 1427 πολυρίου
1808 1374 1991 1427 ἱστορίας,
2026 1375 2146 1430 quod
2178 1391 2230 1419 ex

388 1446 669 1502 sequentibus
700 1445 819 1488 libris
850 1445 967 1488 nulla
999 1445 1153 1500 ecloga
1186 1444 1340 1488 hausta
1373 1456 1497 1488 esset.

447 1517 801 1573 Steiqemannum
867 1525 1013 1560 autem
1080 1522 1260 1559 omnino
1307 1532 1474 1560 errasse
1536 1526 1657 1571 patet
1717 1532 1770 1560 ex
1831 1517 1976 1561 hiscez
2041 1517 2230 1561 Diodori

388 1599 638 1643 excerptum
687 1587 920 1631 Maianum
967 1588 1067 1634 353,
1116 1586 1374 1631 Boissevain
1422 1604 1463 1642 p,
1513 1588 1611 1634 370,
1645 1604 1697 1631 ex
1734 1588 1831 1634 hoc,
1865 1605 1954 1643 quo
1986 1589 2043 1632 de
2073 1595 2228 1644 agitur.

390 1660 564 1714 polybii
595 1660 843 1714 fragmento
875 1658 1164 1713 desumptum,
1197 1658 1420 1713 praecedit
1453 1658 1641 1702 Diodori
1674 1670 1880 1714 excerpto
1909 1659 2098 1703 Maiano
2130 1661 2229 1707 356.

389 1731 647 1775 Boissevain
695 1748 736 1785 p.
784 1731 884 1777 372.
924 1729 1044 1785 quod
1075 1739 1240 1773 certum
1273 1746 1395 1773 suum
1428 1730 1561 1773 habet
1593 1730 1737 1774 locum
1769 1736 1812 1773 in
1844 1731 1974 1774 rebus
2007 1730 2159 1774 Italiae
2189 1747 2228 1774 a.

395 1804 523 1853 168,s7
570 1801 689 1856 (vide
734 1818 865 1856 supra
897 1818 938 1856 p.
972 1799 1028 1855 9),
1060 1817 1087 1844 a
1119 1801 1276 1856 quibus
1310 1801 1438 1844 rebus
1469 1801 1578 1845 liber
1610 1801 1726 1844 XXX
1759 1801 1933 1856 Polybii
1964 1808 2142 1857 incipit;
2174 1802 2229 1846 cf.

389 1890 430 1928 p.
485 1876 519 1916 l.
567 1872 784 1928 Sequitur,
832 1882 878 1916 ut
925 1881 969 1916 et
1016 1871 1191 1926 Polybii
1222 1871 1513 1927 fragmentum
1546 1882 1589 1915 et
1622 1871 1811 1916 Diodori
1844 1871 1948 1917 Exc.
1983 1872 2096 1917 Mai.
2130 1874 2229 1920 353,

390 1945 501 1988 libro
534 1944 671 1987 XXIX
704 1943 981 1987 tribuendum
1013 1949 1079 1986 sit.

550 2092 665 2135 Liv.
716 2091 853 2138 XLV,
901 2092 972 2138 37,
1005 2092 1164 2138 2—39,
1198 2093 1224 2134 2
1271 2090 1876 2146 Servius—tradituri]
1942 2091 2068 2136 Haec
2100 2108 2227 2135 orna-

390 2138 485 2182 XV'
550 2174 695 2207 menta
727 2169 935 2210 oratoria,
968 2179 1154 2218 quorum
1186 2178 1242 2206 ne
1271 2172 1529 2217 argumenta
1562 2162 1735 2218 quidem
1764 2178 1816 2206 ex
1854 2162 2044 2217 Polybio
2075 2163 2231 2207 hausta

390 2244 501 2282 sunt,
535 2241 577 2277 in
611 2234 801 2288 Polybio
833 2233 1103 2277 restituendo
1136 2240 1272 2276 omisi.

569 2376 682 2419 Liv.
733 2375 869 2422 XLV,
918 2377 988 2423 40,
1032 2376 1140 2418 1-5
1174 2374 1290 2430 (pars
1322 2376 1488 2430 reliqua
1520 2375 1724 2430 triumphi
1758 2375 1908 2430 Pauli),
1941 2392 1977 2420 c.
2012 2378 2081 2424 24,
2114 2377 2230 2419 2-3

391 2421 506 2466 XV¹·
569 2446 667 2501 (Cn.
716 2446 896 2490 Octavii
943 2447 1186 2501 triumphus
1223 2446 1418 2490 kalendis
1453 2446 1797 2501 Decembribus),
1830 2463 1867 2491 c.
1900 2448 1956 2490 43
1989 2446 2052 2502 (L.
2085 2447 2230 2491 Anicii

391 2518 631 2572 triumphus
664 2516 1003 2572 Quirinalibus);
1038 2517 1179 2561 Plut.
1211 2516 1344 2561 Aem.
1377 2516 1503 2561 Paul.
1537 2534 1573 2561 c.
1598 2518 1770 2560 32—34
1794 2515 2150 2574 οὓτω-ἔχουσιν]
2185 2518 2230 2563 Si

392 2588 561 2632 Livium
607 2599 741 2644 atque
788 2588 1067 2632 Plutarchum
1114 2604 1211 2632 cum
1258 2587 1463 2643 Syncello
1501 2604 1526 2632 e
1559 2588 1763 2632 Diodoro
1795 2588 1963 2644 (XXXI,
1996 2591 2036 2638 8,
2069 2591 2230 2645 9—12)

391 2666 434 2702 in
480 2659 562 2703 hac
608 2660 815 2703 historiae
861 2670 986 2715 parte
1021 2676 1152 2703 unum
1187 2659 1418 2714 Polybium
1451 2667 1649 2715 sequenti
1680 2676 1997 2715 comparamus,
2030 2662 2139 2706 duas
2170 2662 2230 2706 ob

391 2746 543 2774 causas
575 2732 845 2785 impedimur,
878 2747 933 2774 ne
964 2730 1192 2774 credamus
1223 2737 1353 2774 etiam
1387 2731 1467 2773 hos
1499 2746 1550 2774 ex
1585 2730 1775 2785 Polybio
1794 2732 1999 2776 hausisse.
2024 2730 2228 2779 Primum,

392 2801 516 2848 ordo,
560 2818 648 2856 quo
674 2802 821 2845 vduces
854 2801 1042 2845 Romani
1073 2801 1452 2856 triumphaverunt
1483 2802 1601 2856 apud
1633 2801 1880 2856 Syncellum
1913 2820 2091 2857 prorsus
2121 2804 2230 2848 alius

392 2881 470 2919 est,
518 2887 660 2926 neque
700 2872 819 2916 Acta
851 2873 1131 2928 triumphalia
1165 2870 1420 2928 Capitolina
1454 2871 1506 2915 C.
1542 2872 1573 2915 I.
1607 2872 1654 2916 L.
1690 2873 1706 2916 I
1740 2890 1781 2928 p.
1816 2875 1901 2918 459
1933 2874 2036 2929 (ed.²
2068 2892 2109 2930 p.
2143 2874 2228 2930 48).

392 2958 506 2996 quae
537 2944 820 2997 scriptoribus
851 2943 1140 2986 deterioribus
1171 2942 1357 2986 Valerio
1378 2942 1573 2991 Antiate,
1593 2943 1760 2988 Licinio
1784 2944 1959 2992 Macro,
1982 2946 2076 2989 aliis
2097 2962 2231 3001 saepe

393 3020 469 3055 niti
516 3023 666 3057 notum
714 3025 777 3057 est
810 3013 1123 3068 (Wachsmuth
1154 3013 1412 3070 Einleitun9
1444 3018 1487 3057 in
1519 3014 1604 3058 das
1635 3014 1839 3059 Studium
1872 3016 1953 3060 det·
1981 3018 2097 3061 alten
2136 3015 2228 3061 Ge-
