<?xml version="1.0" encoding="UTF-8"?>
<!DOCTYPE html PUBLIC "-//W3C//DTD XHTML 1.0 Transitional//EN"
    "http://www.w3.org/TR/xhtml1/DTD/xhtml1-transitional.dtd">
<html xmlns="http://www.w3.org/1999/xhtml" xml:lang="en" lang="en">
 <head>
  <title>
</title>
<meta http-equiv="Content-Type" content="text/html;charset=utf-8" />
  <meta name='ocr-system' content='tesseract 3.04.00' />
  <meta name='ocr-capabilities' content='ocr_page ocr_carea ocr_par ocr_line ocrx_word'/>
</head>
<body>
  <div class='ocr_page' id='page_1' title='image "./historiarumliber00polyuoft_0074.png"; bbox 0 0 2430 3632; ppageno 0'>
   <div class='ocr_carea' id='block_1_1' title="bbox 314 276 1624 325">
    <p class='ocr_par' dir='ltr' id='par_1_1' title="bbox 314 276 1624 325">
     <span class='ocr_line' id='line_1_1' title="bbox 314 276 1624 325; baseline -0.001 -12"><span class='ocrx_word' id='word_1_1' title='bbox 314 277 361 313; x_wconf 89' lang='grc'><em>62</em></span> <span class='ocrx_word' id='word_1_2' title='bbox 444 323 446 325; x_wconf 73' lang='lat'>.</span> <span class='ocrx_word' id='word_1_3' title='bbox 832 294 834 297; x_wconf 92' lang='lat'><em>-</em></span> <span class='ocrx_word' id='word_1_4' title='bbox 985 283 1141 312; x_wconf 76' lang='lat' dir='ltr'>OLYMP.</span> <span class='ocrx_word' id='word_1_5' title='bbox 1172 277 1251 319; x_wconf 74' lang='lat'>153,</span> <span class='ocrx_word' id='word_1_6' title='bbox 1275 276 1320 312; x_wconf 86' lang='lat'><em>2:</em></span> <span class='ocrx_word' id='word_1_7' title='bbox 1348 283 1421 313; x_wconf 76' lang='lat' dir='ltr'><em>RES</em></span> <span class='ocrx_word' id='word_1_8' title='bbox 1449 283 1624 313; x_wconf 81' lang='lat' dir='ltr'>1TAL1AE.</span> 
     </span>
    </p>
   </div>
   <div class='ocr_carea' id='block_1_2' title="bbox 265 380 2376 2224">
    <p class='ocr_par' dir='ltr' id='par_1_2' title="bbox 265 380 2376 2224">
     <span class='ocr_line' id='line_1_2' title="bbox 315 380 2052 425; baseline 0.001 -5"><span class='ocrx_word' id='word_1_9' title='bbox 315 381 401 421; x_wconf 75' lang='lat'>1³01.</span> <span class='ocrx_word' id='word_1_10' title='bbox 418 380 551 424; x_wconf 85' lang='lat' dir='ltr'><strong>XXX.</strong></span> <span class='ocrx_word' id='word_1_11' title='bbox 572 381 630 424; x_wconf 89' lang='lat'><em>19,</em></span> <span class='ocrx_word' id='word_1_12' title='bbox 651 381 777 419; x_wconf 76' lang='lat'>1—13</span> <span class='ocrx_word' id='word_1_13' title='bbox 793 380 1265 425; x_wconf 77' lang='lat' dir='ltr'><strong>B.-W.;2o,1--13Hu.</strong></span> <span class='ocrx_word' id='word_1_14' title='bbox 1564 380 1650 420; x_wconf 85' lang='lat' dir='ltr'><strong>Liv.</strong></span> <span class='ocrx_word' id='word_1_15' title='bbox 1680 381 1874 421; x_wconf 83' lang='lat' dir='ltr'>Periocha</span> <span class='ocrx_word' id='word_1_16' title='bbox 1902 382 2052 422; x_wconf 86' lang='lat' dir='ltr'><strong>XLVI.</strong></span> 
     </span>
     <span class='ocr_line' id='line_1_3' title="bbox 314 454 1270 517; baseline -0.001 -15"><span class='ocrx_word' id='word_1_17' title='bbox 314 461 406 502; x_wconf 85' lang='grc' dir='ltr'><em>τῶν</em></span> <span class='ocrx_word' id='word_1_18' title='bbox 454 455 588 509; x_wconf 84' lang='grc' dir='ltr'><em>ἐκτὸς</em></span> <span class='ocrx_word' id='word_1_19' title='bbox 636 456 867 517; x_wconf 78' lang='grc' dir='ltr'><em>φαντασίᾳ</em></span> <span class='ocrx_word' id='word_1_20' title='bbox 916 454 1270 517; x_wconf 71' lang='grc' dir='ltr'><em>φιλανθρώπως</em></span> 
     </span>
     <span class='ocr_line' id='line_1_4' title="bbox 314 525 1269 588; baseline -0.001 -16"><span class='ocrx_word' id='word_1_21' title='bbox 314 526 629 587; x_wconf 88' lang='grc' dir='ltr'><em>ἀποκριθεῑεν,</em></span> <span class='ocrx_word' id='word_1_22' title='bbox 677 525 989 588; x_wconf 71' lang='grc' dir='ltr'><em>παρόψεσθαι</em></span> <span class='ocrx_word' id='word_1_23' title='bbox 1033 525 1118 588; x_wconf 81' lang='grc' dir='ltr'><em>τὴν</em></span> <span class='ocrx_word' id='word_1_24' title='bbox 1155 525 1269 588; x_wconf 88' lang='grc' dir='ltr'><em>ἀλή-</em></span> 
     </span>
     <span class='ocr_line' id='line_1_5' title="bbox 313 596 1268 659; baseline -0.001 -16"><span class='ocrx_word' id='word_1_25' title='bbox 313 598 450 644; x_wconf 89' lang='grc' dir='ltr'><em>θειαν</em></span> <span class='ocrx_word' id='word_1_26' title='bbox 492 597 570 643; x_wconf 89' lang='grc' dir='ltr'><em>καὶ</em></span> <span class='ocrx_word' id='word_1_27' title='bbox 607 597 659 643; x_wconf 86' lang='grc' dir='ltr'><em>τὸ</em></span> <span class='ocrx_word' id='word_1_28' title='bbox 696 601 753 659; x_wconf 84' lang='grc' dir='ltr'><em>τῇ</em></span> <span class='ocrx_word' id='word_1_29' title='bbox 790 597 976 658; x_wconf 89' lang='grc' dir='ltr'><em>πατρίδι</em></span> <span class='ocrx_word' id='word_1_30' title='bbox 1013 596 1268 658; x_wconf 89' lang='grc' dir='ltr'><em>συμφέρον.</em></span> 
     </span>
     <span class='ocr_line' id='line_1_6' title="bbox 277 667 1270 730; baseline 0.001 -18"><span class='ocrx_word' id='word_1_31' title='bbox 277 684 294 712; x_wconf 87' lang='lat'>5</span> <span class='ocrx_word' id='word_1_32' title='bbox 314 669 477 729; x_wconf 79' lang='grc' dir='ltr'><em>διόπερ</em></span> <span class='ocrx_word' id='word_1_33' title='bbox 515 668 566 722; x_wconf 82' lang='grc' dir='ltr'><em>ἐξ</em></span> <span class='ocrx_word' id='word_1_34' title='bbox 602 668 827 729; x_wconf 81' lang='grc' dir='ltr'><em>ἑκατέρας</em></span> <span class='ocrx_word' id='word_1_35' title='bbox 865 674 945 730; x_wconf 84' lang='grc' dir='ltr'><em>τῆς</em></span> <span class='ocrx_word' id='word_1_36' title='bbox 983 667 1270 729; x_wconf 83' lang='grc' dir='ltr'><em>ἀποφάσεως</em></span> 
     </span>
     <span class='ocr_line' id='line_1_7' title="bbox 313 738 1315 802; baseline -0.001 -17"><span class='ocrx_word' id='word_1_37' title='bbox 313 739 563 802; x_wconf 88' lang='grc' dir='ltr'><em>μέλλοντος</em></span> <span class='ocrx_word' id='word_1_38' title='bbox 629 739 869 785; x_wconf 88' lang='grc' dir='ltr'><em>ἀπιθάνου</em></span> <span class='ocrx_word' id='word_1_39' title='bbox 929 738 1051 792; x_wconf 83' lang='grc' dir='ltr'><em>τινὸς</em></span> <span class='ocrx_word' id='word_1_40' title='bbox 1113 739 1271 792; x_wconf 83' lang='grc' dir='ltr'><em>αὐτοῖς</em></span> <span class='ocrx_word' id='word_1_41' title='bbox 1297 753 1315 782; x_wconf 87' lang='lat'><strong>5</strong></span> 
     </span>
     <span class='ocr_line' id='line_1_8' title="bbox 313 808 1267 872; baseline -0.001 -16"><span class='ocrx_word' id='word_1_42' title='bbox 313 810 724 872; x_wconf 81' lang='grc' dir='ltr'><em>ἐξακολουθήσειν,</em></span> <span class='ocrx_word' id='word_1_43' title='bbox 772 810 967 871; x_wconf 82' lang='grc' dir='ltr'><em>εὕροντο</em></span> <span class='ocrx_word' id='word_1_44' title='bbox 1011 808 1142 856; x_wconf 92' lang='grc' dir='ltr'><em>λύσιν</em></span> <span class='ocrx_word' id='word_1_45' title='bbox 1184 814 1267 856; x_wconf 85' lang='grc' dir='ltr'><em>τοῦ</em></span> 
     </span>
     <span class='ocr_line' id='line_1_9' title="bbox 277 879 2294 944; baseline 0.002 -18"><span class='ocrx_word' id='word_1_46' title='bbox 277 897 294 924; x_wconf 83' lang='grc'><strong>6</strong></span> <span class='ocrx_word' id='word_1_47' title='bbox 313 881 653 944; x_wconf 77' lang='grc' dir='ltr'><em>προβλήματος</em></span> <span class='ocrx_word' id='word_1_48' title='bbox 688 879 916 943; x_wconf 75' lang='grc' dir='ltr'><em>τοιαύτην.</em></span> <span class='ocrx_word' id='word_1_49' title='bbox 960 881 1026 934; x_wconf 86' lang='grc' dir='ltr'><em>ὡς</em></span> <span class='ocrx_word' id='word_1_50' title='bbox 1058 880 1150 943; x_wconf 85' lang='grc' dir='ltr'><em>γὰρ</em></span> <span class='ocrx_word' id='word_1_51' title='bbox 1183 899 1267 927; x_wconf 86' lang='grc' dir='ltr'><em>κα·</em></span> <span class='ocrx_word' id='word_1_52' title='bbox 1344 883 1415 939; x_wconf 84' lang='lat' dir='ltr'><em>[ne</em></span> <span class='ocrx_word' id='word_1_53' title='bbox 1455 894 1530 928; x_wconf 86' lang='lat' dir='ltr'><em>aut</em></span> <span class='ocrx_word' id='word_1_54' title='bbox 1573 885 1708 928; x_wconf 88' lang='lat' dir='ltr'>hostis</span> <span class='ocrx_word' id='word_1_55' title='bbox 1746 885 1957 929; x_wconf 83' lang='lat' dir='ltr'>iudicatus</span> <span class='ocrx_word' id='word_1_56' title='bbox 1989 886 2224 934; x_wconf 81' lang='lat' dir='ltr'>videretur,</span> <span class='ocrx_word' id='word_1_57' title='bbox 2259 893 2294 930; x_wconf 90' lang='lat' dir='ltr'><em>si</em></span> 
     </span>
     <span class='ocr_line' id='line_1_10' title="bbox 313 950 2292 1014; baseline 0.002 -16"><span class='ocrx_word' id='word_1_58' title='bbox 313 952 467 999; x_wconf 91' lang='grc' dir='ltr'><em>θόλου</em></span> <span class='ocrx_word' id='word_1_59' title='bbox 534 950 957 1014; x_wconf 89' lang='grc' dir='ltr'><em>δυσαρεστούμενοι</em></span> <span class='ocrx_word' id='word_1_60' title='bbox 1025 958 1122 1005; x_wconf 87' lang='grc' dir='ltr'><em>ταῖς</em></span> <span class='ocrx_word' id='word_1_61' title='bbox 1177 956 1269 998; x_wconf 84' lang='grc' dir='ltr'><em>τῶν</em></span> <span class='ocrx_word' id='word_1_62' title='bbox 1341 956 1537 1001; x_wconf 83' lang='lat' dir='ltr'>exclusus</span> <span class='ocrx_word' id='word_1_63' title='bbox 1578 965 1704 1003; x_wconf 80' lang='lat' dir='ltr'>esset,</span> <span class='ocrx_word' id='word_1_64' title='bbox 1747 966 1821 999; x_wconf 77' lang='lat' dir='ltr'><em>aut</em></span> <span class='ocrx_word' id='word_1_65' title='bbox 1863 957 2070 1000; x_wconf 76' lang='lat' dir='ltr'>liberatus</span> <span class='ocrx_word' id='word_1_66' title='bbox 2101 964 2292 1004; x_wconf 85' lang='lat' dir='ltr'>crimine,</span> 
     </span>
     <span class='ocr_line' id='line_1_11' title="bbox 312 1023 2294 1086; baseline 0.002 -17"><span class='ocrx_word' id='word_1_67' title='bbox 312 1023 543 1085; x_wconf 88' lang='grc' dir='ltr'><em>βασιλέων</em></span> <span class='ocrx_word' id='word_1_68' title='bbox 573 1024 838 1086; x_wconf 83' lang='grc' dir='ltr'><em>ἐπιδημίαις</em></span> <span class='ocrx_word' id='word_1_69' title='bbox 868 1023 1026 1085; x_wconf 92' lang='grc' dir='ltr'><em>δόγμα</em></span> <span class='ocrx_word' id='word_1_70' title='bbox 1052 1040 1091 1068; x_wconf 91' lang='grc' dir='ltr'><em>τι</em></span> <span class='ocrx_word' id='word_1_71' title='bbox 1116 1027 1267 1069; x_wconf 83' lang='grc' dir='ltr'><em>τοιοῦ-</em></span> <span class='ocrx_word' id='word_1_72' title='bbox 1341 1033 1375 1069; x_wconf 87' lang='lat' dir='ltr'><em>si</em></span> <span class='ocrx_word' id='word_1_73' title='bbox 1406 1026 1737 1082; x_wconf 65' lang='lat' dir='ltr'>admittet-etun]</span> <span class='ocrx_word' id='word_1_74' title='bbox 1773 1034 1816 1070; x_wconf 91' lang='lat' dir='ltr'><em>in</em></span> <span class='ocrx_word' id='word_1_75' title='bbox 1848 1043 2079 1071; x_wconf 79' lang='lat' dir='ltr'>commune</span> <span class='ocrx_word' id='word_1_76' title='bbox 2109 1028 2177 1072; x_wconf 84' lang='lat' dir='ltr'><em>lex</em></span> <span class='ocrx_word' id='word_1_77' title='bbox 2205 1028 2294 1072; x_wconf 80' lang='lat' dir='ltr'>lata</span> 
     </span>
     <span class='ocr_line' id='line_1_12' title="bbox 313 1093 2289 1157; baseline 0.001 -16"><span class='ocrx_word' id='word_1_78' title='bbox 313 1112 393 1141; x_wconf 86' lang='grc' dir='ltr'><em>τον</em></span> <span class='ocrx_word' id='word_1_79' title='bbox 436 1094 672 1156; x_wconf 79' lang='grc' dir='ltr'><em>ἐξέβαλον,</em></span> <span class='ocrx_word' id='word_1_80' title='bbox 721 1093 902 1157; x_wconf 91' lang='grc' dir='ltr'><em>μηδένα</em></span> <span class='ocrx_word' id='word_1_81' title='bbox 945 1093 1140 1156; x_wconf 83' lang='grc' dir='ltr'><em>βασιλέα</em></span> <span class='ocrx_word' id='word_1_82' title='bbox 1177 1111 1267 1140; x_wconf 90' lang='grc' dir='ltr'><em>πα-</em></span> <span class='ocrx_word' id='word_1_83' title='bbox 1290 1109 1321 1137; x_wconf 85' lang='lat'><em>10</em></span> <span class='ocrx_word' id='word_1_84' title='bbox 1340 1107 1417 1144; x_wconf 83' lang='lat' dir='ltr'><strong>est,</strong></span> <span class='ocrx_word' id='word_1_85' title='bbox 1451 1113 1506 1140; x_wconf 81' lang='lat' dir='ltr'><em>ne</em></span> <span class='ocrx_word' id='word_1_86' title='bbox 1537 1104 1606 1141; x_wconf 88' lang='lat' dir='ltr'><em>cui</em></span> <span class='ocrx_word' id='word_1_87' title='bbox 1634 1104 1726 1153; x_wconf 70' lang='lat' dir='ltr'>regi</span> <span class='ocrx_word' id='word_1_88' title='bbox 1749 1097 2109 1142; x_wconf 78' lang='lat' dir='ltr'>Romamvenite</span> <span class='ocrx_word' id='word_1_89' title='bbox 2129 1099 2289 1143; x_wconf 86' lang='lat' dir='ltr'><strong>liceret.</strong></span> 
     </span>
     <span class='ocr_line' id='line_1_13' title="bbox 278 1163 1268 1228; baseline 0.003 -20"><span class='ocrx_word' id='word_1_90' title='bbox 278 1182 294 1208; x_wconf 90' lang='lat'><strong>7</strong></span> <span class='ocrx_word' id='word_1_91' title='bbox 313 1165 591 1228; x_wconf 88' lang='grc' dir='ltr'><em>ραγίνεσθαι</em></span> <span class='ocrx_word' id='word_1_92' title='bbox 644 1165 766 1226; x_wconf 83' lang='grc' dir='ltr'><em>πρὸς</em></span> <span class='ocrx_word' id='word_1_93' title='bbox 821 1163 1004 1218; x_wconf 78' lang='grc' dir='ltr'><em>αὐτούς.</em></span> <span class='ocrx_word' id='word_1_94' title='bbox 1053 1164 1167 1227; x_wconf 84' lang='grc' dir='ltr'><em>μετὰ</em></span> <span class='ocrx_word' id='word_1_95' title='bbox 1217 1165 1268 1211; x_wconf 87' lang='grc' dir='ltr'><em>δὲ</em></span> 
     </span>
     <span class='ocr_line' id='line_1_14' title="bbox 313 1235 1268 1298; baseline -0.001 -15"><span class='ocrx_word' id='word_1_96' title='bbox 313 1242 454 1283; x_wconf 83' lang='grc' dir='ltr'><em>ταῦτα</em></span> <span class='ocrx_word' id='word_1_97' title='bbox 492 1236 758 1298; x_wconf 88' lang='grc' dir='ltr'><em>πυθόμενοι</em></span> <span class='ocrx_word' id='word_1_98' title='bbox 788 1236 869 1282; x_wconf 86' lang='grc' dir='ltr'><em>τὸν</em></span> <span class='ocrx_word' id='word_1_99' title='bbox 899 1235 1094 1298; x_wconf 82' lang='grc' dir='ltr'><em>Εὐμένη</em></span> <span class='ocrx_word' id='word_1_100' title='bbox 1127 1253 1268 1282; x_wconf 90' lang='grc' dir='ltr'><em>κατα-</em></span> 
     </span>
     <span class='ocr_line' id='line_1_15' title="bbox 313 1300 2296 1370; baseline 0 -16"><span class='ocrx_word' id='word_1_101' title='bbox 313 1308 619 1354; x_wconf 82' lang='grc' dir='ltr'><em>πεπλευκέναι</em></span> <span class='ocrx_word' id='word_1_102' title='bbox 673 1313 768 1370; x_wconf 85' lang='grc' dir='ltr'><em>τῆς·</em></span> <span class='ocrx_word' id='word_1_103' title='bbox 804 1307 997 1361; x_wconf 81' lang='grc' dir='ltr'><em>Ἰταλίας</em></span> <span class='ocrx_word' id='word_1_104' title='bbox 1050 1300 1115 1361; x_wconf 85' lang='grc' dir='ltr'><em>εἰς</em></span> <span class='ocrx_word' id='word_1_105' title='bbox 1163 1307 1442 1368; x_wconf 87' lang='grc' dir='ltr'><em>Βρεντέσιον</em></span> <span class='ocrx_word' id='word_1_106' title='bbox 1490 1306 1820 1352; x_wconf 81' lang='grc' dir='ltr'><em>έπαπέστειλαν</em></span> <span class='ocrx_word' id='word_1_107' title='bbox 1869 1306 1950 1353; x_wconf 86' lang='grc' dir='ltr'><em>τὸν</em></span> <span class='ocrx_word' id='word_1_108' title='bbox 1998 1308 2166 1369; x_wconf 84' lang='grc' dir='ltr'><em>ταμίαν</em></span> <span class='ocrx_word' id='word_1_109' title='bbox 2214 1307 2296 1369; x_wconf 49' lang='grc' dir='ltr'><em>φέε</em></span> 
     </span>
     <span class='ocr_line' id='line_1_16' title="bbox 313 1376 2298 1441; baseline -0.001 -16"><span class='ocrx_word' id='word_1_110' title='bbox 313 1396 455 1441; x_wconf 88' lang='grc' dir='ltr'><em>ροντα</em></span> <span class='ocrx_word' id='word_1_111' title='bbox 517 1379 569 1424; x_wconf 86' lang='grc' dir='ltr'><em>τὸ</em></span> <span class='ocrx_word' id='word_1_112' title='bbox 630 1378 788 1440; x_wconf 88' lang='grc' dir='ltr'><em>δόγμα</em></span> <span class='ocrx_word' id='word_1_113' title='bbox 843 1378 922 1424; x_wconf 87' lang='grc' dir='ltr'><em>καὶ</em></span> <span class='ocrx_word' id='word_1_114' title='bbox 983 1377 1260 1424; x_wconf 80' lang='grc' dir='ltr'><em>κελεύσοντα</em></span> <span class='ocrx_word' id='word_1_115' title='bbox 1316 1378 1466 1440; x_wconf 88' lang='grc' dir='ltr'><em>λέγειν</em></span> <span class='ocrx_word' id='word_1_116' title='bbox 1519 1377 1641 1439; x_wconf 87' lang='grc' dir='ltr'><em>πρὸς</em></span> <span class='ocrx_word' id='word_1_117' title='bbox 1696 1377 1852 1439; x_wconf 80' lang='grc' dir='ltr'><em>αὐτόν,</em></span> <span class='ocrx_word' id='word_1_118' title='bbox 1905 1376 1953 1424; x_wconf 81' lang='grc' dir='ltr'><em>εἴ</em></span> <span class='ocrx_word' id='word_1_119' title='bbox 1992 1395 2031 1424; x_wconf 91' lang='grc' dir='ltr'><em>τι</em></span> <span class='ocrx_word' id='word_1_120' title='bbox 2081 1378 2298 1441; x_wconf 86' lang='grc' dir='ltr'><em>τυγχάνει</em></span> 
     </span>
     <span class='ocr_line' id='line_1_17' title="bbox 278 1448 2352 1513; baseline -0.001 -19"><span class='ocrx_word' id='word_1_121' title='bbox 278 1465 295 1493; x_wconf 85' lang='lat'>8</span> <span class='ocrx_word' id='word_1_122' title='bbox 314 1457 396 1513; x_wconf 84' lang='grc' dir='ltr'><em>τῆς</em></span> <span class='ocrx_word' id='word_1_123' title='bbox 444 1450 713 1512; x_wconf 83' lang='grc' dir='ltr'><em>συγκλήτου</em></span> <span class='ocrx_word' id='word_1_124' title='bbox 762 1451 923 1512; x_wconf 89' lang='grc' dir='ltr'><em>χρείαν</em></span> <span class='ocrx_word' id='word_1_125' title='bbox 971 1449 1105 1512; x_wconf 84' lang='grc' dir='ltr'><em>ἔχων·</em></span> <span class='ocrx_word' id='word_1_126' title='bbox 1154 1450 1194 1495; x_wconf 87' lang='grc' dir='ltr'><em>εἰ</em></span> <span class='ocrx_word' id='word_1_127' title='bbox 1242 1449 1292 1495; x_wconf 84' lang='grc' dir='ltr'><em>δὲ</em></span> <span class='ocrx_word' id='word_1_128' title='bbox 1342 1448 1547 1511; x_wconf 86' lang='grc' dir='ltr'><em>μηδενὸς</em></span> <span class='ocrx_word' id='word_1_129' title='bbox 1589 1449 1742 1504; x_wconf 87' lang='grc' dir='ltr'><em>δεῖται,</em></span> <span class='ocrx_word' id='word_1_130' title='bbox 1783 1449 2174 1511; x_wconf 85' lang='grc' dir='ltr'><em>παραγγελοῦντα</em></span> <span class='ocrx_word' id='word_1_131' title='bbox 2212 1449 2298 1512; x_wconf 86' lang='grc' dir='ltr'><em>τὴν</em></span> <span class='ocrx_word' id='word_1_132' title='bbox 2319 1464 2352 1493; x_wconf 87' lang='lat'><em>15</em></span> 
     </span>
     <span class='ocr_line' id='line_1_18' title="bbox 278 1519 2376 1585; baseline 0.001 -21"><span class='ocrx_word' id='word_1_133' title='bbox 278 1536 296 1564; x_wconf 86' lang='lat'><strong>9</strong></span> <span class='ocrx_word' id='word_1_134' title='bbox 314 1523 532 1585; x_wconf 81' lang='grc' dir='ltr'><em>ταχίστην</em></span> <span class='ocrx_word' id='word_1_135' title='bbox 569 1521 712 1567; x_wconf 78' lang='grc' dir='ltr'><em>αὐτὸν</em></span> <span class='ocrx_word' id='word_1_136' title='bbox 748 1521 801 1567; x_wconf 83' lang='grc' dir='ltr'><em>ἐκ</em></span> <span class='ocrx_word' id='word_1_137' title='bbox 845 1527 928 1583; x_wconf 83' lang='grc' dir='ltr'><em>τῆς</em></span> <span class='ocrx_word' id='word_1_138' title='bbox 958 1520 1152 1574; x_wconf 83' lang='grc' dir='ltr'><em>Ἰταλίας</em></span> <span class='ocrx_word' id='word_1_139' title='bbox 1190 1519 1575 1566; x_wconf 89' lang='grc' dir='ltr'><em>ἀπαλλάττεσθαι.</em></span> <span class='ocrx_word' id='word_1_140' title='bbox 1614 1521 1640 1565; x_wconf 86' lang='grc' dir='ltr'>ὁ</span> <span class='ocrx_word' id='word_1_141' title='bbox 1679 1519 1730 1566; x_wconf 86' lang='grc' dir='ltr'><em>δὲ</em></span> <span class='ocrx_word' id='word_1_142' title='bbox 1766 1519 1996 1582; x_wconf 86' lang='grc' dir='ltr'><em>βασιλεύς,</em></span> <span class='ocrx_word' id='word_1_143' title='bbox 2040 1521 2297 1583; x_wconf 80' lang='grc' dir='ltr'><em>συμμίξαν-</em></span> <span class='ocrx_word' id='word_1_144' title='bbox 2372 1519 2376 1523; x_wconf 70' lang='grc'><strong>’</strong></span> 
     </span>
     <span class='ocr_line' id='line_1_19' title="bbox 315 1590 2298 1654; baseline -0.001 -15"><span class='ocrx_word' id='word_1_145' title='bbox 315 1611 393 1646; x_wconf 90' lang='grc' dir='ltr'><em>τος</em></span> <span class='ocrx_word' id='word_1_146' title='bbox 442 1593 569 1654; x_wconf 80' lang='grc' dir='ltr'><em>αὐτῷ</em></span> <span class='ocrx_word' id='word_1_147' title='bbox 617 1596 700 1638; x_wconf 83' lang='grc' dir='ltr'><em>τοῦ</em></span> <span class='ocrx_word' id='word_1_148' title='bbox 748 1593 928 1653; x_wconf 82' lang='grc' dir='ltr'><em>ταμίου,</em></span> <span class='ocrx_word' id='word_1_149' title='bbox 985 1590 1128 1653; x_wconf 82' lang='grc' dir='ltr'><em>γνοὺς</em></span> <span class='ocrx_word' id='word_1_150' title='bbox 1176 1591 1261 1654; x_wconf 81' lang='grc' dir='ltr'><em>τὴν</em></span> <span class='ocrx_word' id='word_1_151' title='bbox 1309 1597 1392 1654; x_wconf 85' lang='grc' dir='ltr'><em>τῆς</em></span> <span class='ocrx_word' id='word_1_152' title='bbox 1440 1590 1709 1653; x_wconf 86' lang='grc' dir='ltr'><em>συγκλήτου</em></span> <span class='ocrx_word' id='word_1_153' title='bbox 1752 1591 2026 1651; x_wconf 91' lang='grc' dir='ltr'><em>προαίρεσιν</em></span> <span class='ocrx_word' id='word_1_154' title='bbox 2061 1593 2126 1649; x_wconf 83' lang='grc' dir='ltr'><em>εἰς</em></span> <span class='ocrx_word' id='word_1_155' title='bbox 2168 1591 2298 1645; x_wconf 88' lang='grc' dir='ltr'><em>τέλος</em></span> 
     </span>
     <span class='ocr_line' id='line_1_20' title="bbox 265 1661 2299 1726; baseline 0.001 -20"><span class='ocrx_word' id='word_1_156' title='bbox 265 1679 296 1706; x_wconf 85' lang='grc' dir='ltr'><em>ιο</em></span> <span class='ocrx_word' id='word_1_157' title='bbox 315 1663 653 1726; x_wconf 81' lang='grc' dir='ltr'><em>ἀπεσιώπησεν,</em></span> <span class='ocrx_word' id='word_1_158' title='bbox 721 1663 914 1716; x_wconf 83' lang='grc' dir='ltr'><em>οὐδενὸς</em></span> <span class='ocrx_word' id='word_1_159' title='bbox 974 1663 1131 1725; x_wconf 87' lang='grc' dir='ltr'><em>φήσας</em></span> <span class='ocrx_word' id='word_1_160' title='bbox 1186 1662 1507 1723; x_wconf 87' lang='grc' dir='ltr'><em>προσδεῖσθαι.</em></span> <span class='ocrx_word' id='word_1_161' title='bbox 1563 1662 1642 1708; x_wconf 88' lang='grc' dir='ltr'><em>καὶ</em></span> <span class='ocrx_word' id='word_1_162' title='bbox 1697 1661 1758 1724; x_wconf 80' lang='grc' dir='ltr'><em>δὴ</em></span> <span class='ocrx_word' id='word_1_163' title='bbox 1813 1661 1963 1724; x_wconf 85' lang='grc' dir='ltr'><em>τούτῳ</em></span> <span class='ocrx_word' id='word_1_164' title='bbox 2017 1671 2082 1724; x_wconf 84' lang='grc' dir='ltr'><em>τῷ</em></span> <span class='ocrx_word' id='word_1_165' title='bbox 2136 1662 2299 1724; x_wconf 85' lang='grc' dir='ltr'><em>τρόπῳ</em></span> 
     </span>
     <span class='ocr_line' id='line_1_21' title="bbox 265 1732 2298 1797; baseline -0 -16"><span class='ocrx_word' id='word_1_166' title='bbox 265 1751 290 1777; x_wconf 87' lang='lat'><em>11</em></span> <span class='ocrx_word' id='word_1_167' title='bbox 314 1735 490 1797; x_wconf 86' lang='grc' dir='ltr'><em>συνέβη</em></span> <span class='ocrx_word' id='word_1_168' title='bbox 540 1735 620 1780; x_wconf 84' lang='grc' dir='ltr'><em>τὸν</em></span> <span class='ocrx_word' id='word_1_169' title='bbox 668 1734 862 1797; x_wconf 84' lang='grc' dir='ltr'><em>Εὐμένη</em></span> <span class='ocrx_word' id='word_1_170' title='bbox 901 1733 1178 1796; x_wconf 85' lang='grc' dir='ltr'><em>κωλυθῆναι</em></span> <span class='ocrx_word' id='word_1_171' title='bbox 1215 1740 1298 1796; x_wconf 85' lang='grc' dir='ltr'><em>τῆς</em></span> <span class='ocrx_word' id='word_1_172' title='bbox 1334 1735 1398 1787; x_wconf 88' lang='grc' dir='ltr'><em>εἰς</em></span> <span class='ocrx_word' id='word_1_173' title='bbox 1434 1733 1519 1795; x_wconf 80' lang='grc' dir='ltr'><em>τὴν</em></span> <span class='ocrx_word' id='word_1_174' title='bbox 1551 1732 1732 1796; x_wconf 83' lang='grc' dir='ltr'><em>Ῥώμην</em></span> <span class='ocrx_word' id='word_1_175' title='bbox 1769 1733 2056 1794; x_wconf 85' lang='grc' dir='ltr'><em>ἀναβάσεως.</em></span> <span class='ocrx_word' id='word_1_176' title='bbox 2093 1750 2298 1797; x_wconf 57' lang='grc' dir='ltr'><em>συνηκαι</em></span> 
     </span>
     <span class='ocr_line' id='line_1_22' title="bbox 265 1803 2354 1868; baseline 0 -20"><span class='ocrx_word' id='word_1_177' title='bbox 265 1821 296 1848; x_wconf 81' lang='lat'><em>12</em></span> <span class='ocrx_word' id='word_1_178' title='bbox 315 1806 544 1868; x_wconf 88' lang='grc' dir='ltr'><em>λουθήκει</em></span> <span class='ocrx_word' id='word_1_179' title='bbox 599 1806 649 1851; x_wconf 87' lang='grc' dir='ltr'><em>δὲ</em></span> <span class='ocrx_word' id='word_1_180' title='bbox 705 1805 784 1852; x_wconf 86' lang='grc' dir='ltr'><em>καὶ</em></span> <span class='ocrx_word' id='word_1_181' title='bbox 833 1805 992 1866; x_wconf 81' lang='grc' dir='ltr'><em>ἔτερόν</em></span> <span class='ocrx_word' id='word_1_182' title='bbox 1039 1822 1077 1851; x_wconf 87' lang='grc' dir='ltr'><em>τι</em></span> <span class='ocrx_word' id='word_1_183' title='bbox 1115 1804 1445 1867; x_wconf 82' lang='grc' dir='ltr'><em>πραγματικὸν</em></span> <span class='ocrx_word' id='word_1_184' title='bbox 1482 1803 1631 1866; x_wconf 81' lang='grc' dir='ltr'><em>τούτῳ</em></span> <span class='ocrx_word' id='word_1_185' title='bbox 1669 1812 1733 1865; x_wconf 84' lang='grc' dir='ltr'><em>τῷ</em></span> <span class='ocrx_word' id='word_1_186' title='bbox 1771 1804 2038 1866; x_wconf 84' lang='grc' dir='ltr'><em>διαβουλίῳ.</em></span> <span class='ocrx_word' id='word_1_187' title='bbox 2088 1804 2299 1866; x_wconf 88' lang='grc' dir='ltr'><em>μεγάλου</em></span> <span class='ocrx_word' id='word_1_188' title='bbox 2317 1819 2354 1848; x_wconf 84' lang='lat'><em>20</em></span> 
     </span>
     <span class='ocr_line' id='line_1_23' title="bbox 317 1874 2300 1939; baseline -0.001 -16"><span class='ocrx_word' id='word_1_189' title='bbox 317 1877 409 1939; x_wconf 85' lang='grc' dir='ltr'><em>γὰρ</em></span> <span class='ocrx_word' id='word_1_190' title='bbox 458 1877 552 1923; x_wconf 82' lang='grc' dir='ltr'><em>ὑπὸ</em></span> <span class='ocrx_word' id='word_1_191' title='bbox 601 1882 693 1923; x_wconf 85' lang='grc' dir='ltr'><em>τῶν</em></span> <span class='ocrx_word' id='word_1_192' title='bbox 743 1876 968 1922; x_wconf 84' lang='grc' dir='ltr'><em>Γαλατῶν</em></span> <span class='ocrx_word' id='word_1_193' title='bbox 1016 1875 1393 1938; x_wconf 77' lang='grc' dir='ltr'><em>ἐπικρεμαμένου</em></span> <span class='ocrx_word' id='word_1_194' title='bbox 1430 1874 1652 1921; x_wconf 90' lang='grc' dir='ltr'><em>κινδύνου</em></span> <span class='ocrx_word' id='word_1_195' title='bbox 1695 1880 1751 1937; x_wconf 85' lang='grc' dir='ltr'><em>τῇ</em></span> <span class='ocrx_word' id='word_1_196' title='bbox 1793 1875 2015 1937; x_wconf 83' lang='grc' dir='ltr'><em>βασιλείᾳ,</em></span> <span class='ocrx_word' id='word_1_197' title='bbox 2056 1875 2300 1938; x_wconf 86' lang='grc' dir='ltr'><em>προφανὲς</em></span> 
     </span>
     <span class='ocr_line' id='line_1_24' title="bbox 316 1944 2299 2010; baseline -0.001 -16"><span class='ocrx_word' id='word_1_198' title='bbox 316 1949 375 2010; x_wconf 60' lang='grc' dir='ltr'><em>’ἧν</em></span> <span class='ocrx_word' id='word_1_199' title='bbox 413 1949 480 1994; x_wconf 87' lang='grc' dir='ltr'><em>ὅτι</em></span> <span class='ocrx_word' id='word_1_200' title='bbox 517 1947 592 1994; x_wconf 86' lang='grc' dir='ltr'><em>διὰ</em></span> <span class='ocrx_word' id='word_1_201' title='bbox 630 1947 710 1994; x_wconf 85' lang='grc' dir='ltr'><em>τὸν</em></span> <span class='ocrx_word' id='word_1_202' title='bbox 746 1947 1071 2009; x_wconf 87' lang='grc' dir='ltr'><em>σκυβαλισμόν</em></span> <span class='ocrx_word' id='word_1_203' title='bbox 1108 1952 1272 1993; x_wconf 82' lang='grc' dir='ltr'><em>τοῦτον</em></span> <span class='ocrx_word' id='word_1_204' title='bbox 1310 1948 1358 1993; x_wconf 86' lang='grc' dir='ltr'><em>οἱ</em></span> <span class='ocrx_word' id='word_1_205' title='bbox 1384 1946 1470 2009; x_wconf 85' lang='grc' dir='ltr'><em>μὲν</em></span> <span class='ocrx_word' id='word_1_206' title='bbox 1501 1950 1584 1992; x_wconf 82' lang='grc' dir='ltr'><em>τοῦ</em></span> <span class='ocrx_word' id='word_1_207' title='bbox 1614 1946 1844 2008; x_wconf 87' lang='grc' dir='ltr'><em>βασιλέως</em></span> <span class='ocrx_word' id='word_1_208' title='bbox 1875 1944 2115 2008; x_wconf 91' lang='grc' dir='ltr'><em>σύμμαχοι</em></span> <span class='ocrx_word' id='word_1_209' title='bbox 2145 1963 2299 1993; x_wconf 89' lang='grc' dir='ltr'><em>ταπει-</em></span> 
     </span>
     <span class='ocr_line' id='line_1_25' title="bbox 316 2017 2301 2082; baseline -0.001 -17"><span class='ocrx_word' id='word_1_210' title='bbox 316 2019 614 2082; x_wconf 87' lang='grc' dir='ltr'><em>νωθήσονται</em></span> <span class='ocrx_word' id='word_1_211' title='bbox 672 2019 851 2074; x_wconf 88' lang='grc' dir='ltr'><em>πάντες,</em></span> <span class='ocrx_word' id='word_1_212' title='bbox 913 2019 961 2064; x_wconf 85' lang='grc' dir='ltr'><em>οἱ</em></span> <span class='ocrx_word' id='word_1_213' title='bbox 1011 2018 1062 2064; x_wconf 86' lang='grc' dir='ltr'><em>δὲ</em></span> <span class='ocrx_word' id='word_1_214' title='bbox 1121 2017 1323 2064; x_wconf 87' lang='grc' dir='ltr'><em>Γαλάται</em></span> <span class='ocrx_word' id='word_1_215' title='bbox 1379 2017 1632 2071; x_wconf 89' lang='grc' dir='ltr'><em>διπλασίως</em></span> <span class='ocrx_word' id='word_1_216' title='bbox 1685 2017 2124 2079; x_wconf 84' lang='grc' dir='ltr'><em>ἐπιρρωσθήσονται</em></span> <span class='ocrx_word' id='word_1_217' title='bbox 2179 2017 2301 2078; x_wconf 86' lang='grc' dir='ltr'><em>πρὸς</em></span> 
     </span>
     <span class='ocr_line' id='line_1_26' title="bbox 267 2087 2300 2152; baseline 0 -18"><span class='ocrx_word' id='word_1_218' title='bbox 267 2105 297 2133; x_wconf 86' lang='grc' dir='ltr'><em>ι3</em></span> <span class='ocrx_word' id='word_1_219' title='bbox 316 2090 396 2136; x_wconf 86' lang='grc' dir='ltr'><em>τὸν</em></span> <span class='ocrx_word' id='word_1_220' title='bbox 443 2090 662 2152; x_wconf 89' lang='grc' dir='ltr'><em>πόλεμον.</em></span> <span class='ocrx_word' id='word_1_221' title='bbox 712 2090 784 2135; x_wconf 84' lang='grc' dir='ltr'><em>διὸ</em></span> <span class='ocrx_word' id='word_1_222' title='bbox 833 2089 984 2152; x_wconf 80' lang='grc' dir='ltr'><em>πάντῃ</em></span> <span class='ocrx_word' id='word_1_223' title='bbox 1034 2090 1220 2143; x_wconf 91' lang='grc' dir='ltr'><em>πάντως</em></span> <span class='ocrx_word' id='word_1_224' title='bbox 1267 2089 1552 2151; x_wconf 90' lang='grc' dir='ltr'><em>βουλόμενοι</em></span> <span class='ocrx_word' id='word_1_225' title='bbox 1601 2093 1847 2135; x_wconf 87' lang='grc' dir='ltr'><em>ταπεινοῦν</em></span> <span class='ocrx_word' id='word_1_226' title='bbox 1895 2088 2038 2134; x_wconf 83' lang='grc' dir='ltr'><em>αὐτὸν</em></span> <span class='ocrx_word' id='word_1_227' title='bbox 2080 2088 2154 2135; x_wconf 84' lang='grc' dir='ltr'><em>ἐπὶ</em></span> <span class='ocrx_word' id='word_1_228' title='bbox 2191 2087 2300 2135; x_wconf 88' lang='grc' dir='ltr'><em>ταύ-</em></span> 
     </span>
     <span class='ocr_line' id='line_1_27' title="bbox 316 2160 2354 2224; baseline -0.002 -18"><span class='ocrx_word' id='word_1_229' title='bbox 316 2179 401 2224; x_wconf 91' lang='grc' dir='ltr'><em>την</em></span> <span class='ocrx_word' id='word_1_230' title='bbox 437 2161 802 2224; x_wconf 87' lang='grc' dir='ltr'><em>κατηνέχθησαν</em></span> <span class='ocrx_word' id='word_1_231' title='bbox 838 2161 922 2223; x_wconf 78' lang='grc' dir='ltr'><em>τὴν</em></span> <span class='ocrx_word' id='word_1_232' title='bbox 963 2160 1169 2223; x_wconf 86' lang='grc' dir='ltr'><em>γνώμην.</em></span> <span class='ocrx_word' id='word_1_233' title='bbox 2317 2174 2354 2202; x_wconf 85' lang='lat'><em>25</em></span> 
     </span>
    </p>
   </div>
   <div class='ocr_carea' id='block_1_3' title="bbox 1076 2370 1543 2415">
    <p class='ocr_par' dir='ltr' id='par_1_3' title="bbox 1076 2370 1543 2415">
     <span class='ocr_line' id='line_1_28' title="bbox 1076 2370 1543 2415; baseline -0.004 -9"><span class='ocrx_word' id='word_1_234' title='bbox 1076 2372 1124 2406; x_wconf 82' lang='grc' dir='ltr'><em>Η.</em></span> <span class='ocrx_word' id='word_1_235' title='bbox 1176 2370 1291 2406; x_wconf 80' lang='lat' dir='ltr'>Aliae</span> <span class='ocrx_word' id='word_1_236' title='bbox 1316 2372 1543 2415; x_wconf 68' lang='lat' dir='ltr'>legationes.</span> 
     </span>
    </p>
   </div>
   <div class='ocr_carea' id='block_1_4' title="bbox 269 2487 2354 2629">
    <p class='ocr_par' dir='ltr' id='par_1_4' title="bbox 269 2487 2354 2629">
     <span class='ocr_line' id='line_1_29' title="bbox 747 2487 1863 2533; baseline -0.001 -5"><span class='ocrx_word' id='word_1_237' title='bbox 747 2488 833 2528; x_wconf 85' lang='lat' dir='ltr'>Pol.</span> <span class='ocrx_word' id='word_1_238' title='bbox 863 2488 1001 2532; x_wconf 79' lang='lat' dir='ltr'>XXX,</span> <span class='ocrx_word' id='word_1_239' title='bbox 1035 2489 1093 2532; x_wconf 87' lang='grc'><em>19,</em></span> <span class='ocrx_word' id='word_1_240' title='bbox 1128 2489 1280 2527; x_wconf 75' lang='grc'>14-17</span> <span class='ocrx_word' id='word_1_241' title='bbox 1309 2488 1475 2533; x_wconf 85' lang='lat' dir='ltr'><strong>B.-W.;</strong></span> <span class='ocrx_word' id='word_1_242' title='bbox 1505 2489 1568 2530; x_wconf 85' lang='lat'><em>20,</em></span> <span class='ocrx_word' id='word_1_243' title='bbox 1601 2488 1753 2527; x_wconf 84' lang='lat'>14—17</span> <span class='ocrx_word' id='word_1_244' title='bbox 1783 2487 1863 2527; x_wconf 87' lang='lat' dir='ltr'><em>Hu.</em></span> 
     </span>
     <span class='ocr_line' id='line_1_30' title="bbox 269 2560 2354 2629; baseline 0 -23"><span class='ocrx_word' id='word_1_245' title='bbox 269 2580 298 2606; x_wconf 75' lang='grc' dir='ltr'><em>ιιι</em></span> <span class='ocrx_word' id='word_1_246' title='bbox 318 2563 495 2610; x_wconf 90' lang='grc' dir='ltr'><em>τούτων</em></span> <span class='ocrx_word' id='word_1_247' title='bbox 543 2563 594 2610; x_wconf 81' lang='grc' dir='ltr'><em>δὲ</em></span> <span class='ocrx_word' id='word_1_248' title='bbox 645 2563 902 2629; x_wconf 88' lang='grc' dir='ltr'><em>γινομένων</em></span> <span class='ocrx_word' id='word_1_249' title='bbox 937 2563 1001 2609; x_wconf 82' lang='grc' dir='ltr'><em>ἔτι</em></span> <span class='ocrx_word' id='word_1_250' title='bbox 1037 2562 1133 2609; x_wconf 75' lang='grc' dir='ltr'><em>κατ’</em></span> <span class='ocrx_word' id='word_1_251' title='bbox 1173 2561 1326 2625; x_wconf 80' lang='grc' dir='ltr'><em>ἀρχάς</em></span> <span class='ocrx_word' id='word_1_252' title='bbox 1362 2567 1445 2608; x_wconf 87' lang='grc' dir='ltr'><em>τοῦ</em></span> <span class='ocrx_word' id='word_1_253' title='bbox 1483 2567 1742 2625; x_wconf 86' lang='grc' dir='ltr'><em>χειμῶνος,-</em></span> <span class='ocrx_word' id='word_1_254' title='bbox 1766 2561 1931 2608; x_wconf 88' lang='grc' dir='ltr'><em>λοιπὸν</em></span> <span class='ocrx_word' id='word_1_255' title='bbox 1968 2562 1999 2623; x_wconf 79' lang='grc' dir='ltr'><strong><em>ἡ</em></strong></span> <span class='ocrx_word' id='word_1_256' title='bbox 2036 2560 2354 2625; x_wconf 83' lang='grc' dir='ltr'><em>σύγκλητος25</em></span> 
     </span>
    </p>
   </div>
   <div class='ocr_carea' id='block_1_5' title="bbox 320 2705 459 2709">
    <p class='ocr_par' dir='ltr' id='par_1_5' title="bbox 320 2705 459 2709">
     <span class='ocr_line' id='line_1_31' title="bbox 320 2705 459 2709; baseline 0 0"><span class='ocrx_word' id='word_1_257' title='bbox 320 2705 459 2709; x_wconf 95' lang='lat' dir='ltr'><em> </em></span> 
     </span>
    </p>
   </div>
   <div class='ocr_carea' id='block_1_6' title="bbox 375 2736 1127 2949">
    <p class='ocr_par' dir='ltr' id='par_1_6' title="bbox 375 2736 1121 2835">
     <span class='ocr_line' id='line_1_32' title="bbox 393 2736 1121 2789; baseline -0.004 -13"><span class='ocrx_word' id='word_1_258' title='bbox 393 2751 402 2776; x_wconf 83' lang='grc' dir='ltr'><em>ι</em></span> <span class='ocrx_word' id='word_1_259' title='bbox 456 2741 649 2789; x_wconf 62' lang='lat' dir='ltr'><em>&lt;pneuma-iq.</em></span> <span class='ocrx_word' id='word_1_260' title='bbox 680 2736 862 2777; x_wconf 75' lang='lat' dir='ltr'><strong>ursinus.</strong></span> <span class='ocrx_word' id='word_1_261' title='bbox 892 2740 1121 2789; x_wconf 61' lang='grc' dir='ltr'><em>φαντασίαν.</em></span> 
     </span>
     <span class='ocr_line' id='line_1_33' title="bbox 375 2789 958 2835; baseline -0.003 -5"><span class='ocrx_word' id='word_1_262' title='bbox 375 2804 403 2830; x_wconf 80' lang='grc' dir='ltr'><em>ιι</em></span> <span class='ocrx_word' id='word_1_263' title='bbox 456 2789 594 2835; x_wconf 63' lang='grc' dir='ltr'><em>αὐτοὺς</em></span> <span class='ocrx_word' id='word_1_264' title='bbox 622 2789 789 2832; x_wconf 83' lang='lat' dir='ltr'><strong>Bekket.</strong></span> <span class='ocrx_word' id='word_1_265' title='bbox 818 2789 958 2835; x_wconf 71' lang='grc' dir='ltr'><em>αὐτοῖς.</em></span> 
     </span>
    </p>

    <p class='ocr_par' dir='ltr' id='par_1_7' title="bbox 375 2842 1127 2949">
     <span class='ocr_line' id='line_1_34' title="bbox 375 2842 1127 2886; baseline -0.004 -3"><span class='ocrx_word' id='word_1_266' title='bbox 375 2856 406 2883; x_wconf 83' lang='lat'><em>14</em></span> <span class='ocrx_word' id='word_1_267' title='bbox 457 2844 692 2882; x_wconf 65' lang='grc' dir='ltr'><em>κελεύσοντα(</em></span> <span class='ocrx_word' id='word_1_268' title='bbox 722 2842 875 2886; x_wconf 80' lang='lat' dir='ltr'>Naber,</span> <span class='ocrx_word' id='word_1_269' title='bbox 905 2844 1127 2881; x_wconf 69' lang='grc' dir='ltr'><em>κελεύοντα.</em></span> 
     </span>
     <span class='ocr_line' id='line_1_35' title="bbox 376 2896 1014 2949; baseline -0.003 -13"><span class='ocrx_word' id='word_1_270' title='bbox 376 2909 407 2937; x_wconf 84' lang='lat'><em>18</em></span> <span class='ocrx_word' id='word_1_271' title='bbox 456 2901 582 2949; x_wconf 62' lang='grc' dir='ltr'><em>φήσας</em></span> <span class='ocrx_word' id='word_1_272' title='bbox 611 2896 769 2939; x_wconf 85' lang='lat' dir='ltr'>Reiske,</span> <span class='ocrx_word' id='word_1_273' title='bbox 798 2900 1014 2944; x_wconf 68' lang='grc' dir='ltr'><em>φήσαντι-ετ.</em></span> 
     </span>
    </p>
   </div>
   <div class='ocr_carea' id='block_1_7' title="bbox 390 3066 1990 3118">
    <p class='ocr_par' dir='ltr' id='par_1_8' title="bbox 390 3066 1990 3118">
     <span class='ocr_line' id='line_1_36' title="bbox 390 3066 1990 3118; baseline -0.001 -11"><span class='ocrx_word' id='word_1_274' title='bbox 390 3079 408 3107; x_wconf 85' lang='grc'><strong>9</strong></span> <span class='ocrx_word' id='word_1_275' title='bbox 462 3067 567 3118; x_wconf 87' lang='lat' dir='ltr'><strong>lex]</strong></span> <span class='ocrx_word' id='word_1_276' title='bbox 599 3067 793 3117; x_wconf 85' lang='lat' dir='ltr'>Polybius</span> <span class='ocrx_word' id='word_1_277' title='bbox 822 3073 982 3106; x_wconf 86' lang='lat' dir='ltr'>rectius:</span> <span class='ocrx_word' id='word_1_278' title='bbox 1013 3068 1170 3116; x_wconf 67' lang='grc' dir='ltr'><em>δὲγμκς</em></span> <span class='ocrx_word' id='word_1_279' title='bbox 1204 3066 1371 3106; x_wconf 83' lang='lat' dir='ltr'>fortasse</span> <span class='ocrx_word' id='word_1_280' title='bbox 1400 3080 1507 3106; x_wconf 84' lang='lat' dir='ltr'>error</span> <span class='ocrx_word' id='word_1_281' title='bbox 1535 3072 1786 3116; x_wconf 81' lang='lat' dir='ltr'>epitomatori</span> <span class='ocrx_word' id='word_1_282' title='bbox 1814 3066 1990 3106; x_wconf 80' lang='lat' dir='ltr'><strong>debetur.</strong></span> 
     </span>
    </p>
   </div>
   <div class='ocr_carea' id='block_1_8' title="bbox 2323 2639 2430 3632">
    <p class='ocr_par' dir='ltr' id='par_1_9' title="bbox 2323 2639 2430 3632">
     <span class='ocr_line' id='line_1_37' title="bbox 2323 2639 2430 3632; baseline 0 0"><span class='ocrx_word' id='word_1_283' title='bbox 2323 2639 2430 3632; x_wconf 95' lang='lat' dir='ltr'><em> </em></span> 
     </span>
    </p>
   </div>
  </div>
 </body>
</html>
