2430 3632
353 279 399 314 72
1038 283 1195 313 οιγΜΡ.
1225 277 1302 320 153,
1327 277 1372 312 2:
1399 283 1473 314 RES
1499 283 1658 315 SYRIAE.

395 382 518 423 Diod.
549 382 703 424 XXXI,
738 382 796 424 16,
827 382 850 421 2
880 380 946 420 Di.
1151 381 1238 421 Pol.
1269 381 1402 425 XXX,
1432 382 1588 421 25-27
1618 381 1783 426 B.-W.;
1813 382 1968 425 ΧΧΧΙ,
1998 383 2102 423 3-5
2132 382 2212 423 Hu.

1046 433 2315 498 m

354 528 468 571 ριον,
535 509 646 556 ποτὲ
708 509 759 555 δὲ
814 510 990 569 ῥίπτων
1045 509 1232 571 ψωμόν,
1274 509 1386 556 ποτὲ
1424 509 1474 555 δὲ
1512 510 1563 555 τὸ
1595 526 1681 555 πο-
1736 510 1924 572 ψωμόν,
1951 510 2064 556 ποτὲ
2095 511 2146 557 δὲ
2171 510 2223 556 τὸ
2247 527 2335 557 ato-

354 582 433 628 τὸν
464 581 641 644 ψωμὸν
671 580 884 642 ἀνεπήδα
910 580 989 626 καὶ
1045 580 1206 642 τήριον
1331 580 1544 643 ἀνεπήδα
1602 580 1681 626 καὶ
1736 581 1898 643 τήριον
1970 581 2182 644 ἀνεπήδα
2255 581 2334 627 καὶ

353 654 651 715 μετανίστατο
694 652 769 698 καὶ
810 654 989 712 περιῄει
1045 652 1343 712 μετανίστατο
1386 651 1485 697 καὶ·
1501 654 1690 713 περιῄει.
1735 653 2033 713 μετανίστατο
2059 652 2137 698 καὶ
2156 655 2336 714 περιῄει

352 724 502 770 πάντα
548 723 627 769 τὸν
670 723 828 777 πότον,
870 739 988 782 προ-
1246 721 1326 768 τὸν
1361 722 1519 777 πότον,
1562 739 1680 783 προ·
1919 723 1998 769 τὸν
2034 723 2181 770 πότον
2215 740 2334 785 προ-

352 795 512 848 πόσεις
583 794 841 856 λαμβάνων
907 794 988 854 ὀρ-
1008 793 1203 846 ῦπόσεις
1273 793 1531 855 λαμβάνων
1592 794 1679 854 ,ὀρ-
1698 809 1715 836 5
1734 793 1894 847 πόσεις
1947 794 2205 855 λαμβάνων
2252 795 2334 856 ὀρ-

353 866 444 919 θὸς
1044 863 1136 918 θὸς
1171 863 1334 910 ἄλλοτε
1364 863 1472 924 παρ’
1507 864 1674 919 ἄλλοις,
1735 864 1827 917 θὸς
1850 864 2013 910 ἄλλοτε
2030 865 2138 926 παρ’
2161 865 2330 920 ἄλλοις,

514 936 591 981 καὶ
656 941 750 988 τοῖς
810 935 989 995 ἀκροά-
1045 936 1142 997 ἅμα
1176 935 1226 981 δὲ
1259 935 1336 981 καὶ
1369 941 1464 988 τοῖς
1501 935 1679 996 ἀκροά-
1736 936 1833 996 ἅμα
1896 935 1946 981 δὲ
2007 941 2102 989 τοῖς
2156 936 2335 997 ἀκροάψ

352 1025 465 1070 μασι
525 1008 843 1067 προσπαίζων.
911 1005 989 1052 καὶ
1043 1023 1156 1067 μασι
1192 1007 1510 1067 προσπαίζων.
1547 1027 1549 1029 >
1734 1023 1847 1067 μασι
1884 1007 2203 1067 προσπαίζων.

354 1080 414 1141 δή
464 1096 576 1125 ποτε
621 1076 990 1139 προκοπτούσης
1333 1076 1595 1139 προϊούσης
1633 1076 1676 1122 δ’

352 1151 426 1196 ἐπὶ
466 1148 588 1196 πολὺ
625 1155 708 1211 τῆς
745 1148 989 1201 ἑστιάσεως
1002 1148 1117 1194 ιοέπὶ
1153 1146 1275 1193 πολὺ
1313 1154 1396 1210 τῆς
1430 1149 1725 1201 συνουσίαςιο

354 1222 431 1268 καὶ
481 1226 573 1266 τῶν
620 1220 848 1266 πλειόνων
891 1220 985 1305 ἤδη
1042 1237 1121 1265 και
1139 1219 1328 1265 πολλωτ
1346 1220 1440 1281 ἤδη
1459 1236 1680 1282 κεχωρισ-

354 1309 723 1355 κεχωρισμενων,
756 1308 870 1353 ηκεν
893 1290 987 1336 ὑπὸ
1043 1290 1208 1353 μένων,
1258 1290 1352 1335 ὑπο
1396 1294 1488 1335 τῶν
1523 1291 1680 1352 μίμων
1735 1290 1813 1336 καὶ
1875 1290 1970 1336 ὑπὸ
2031 1295 2124 1336 τῶν
2178 1292 2335 1353 μίμων

353 1368 445 1409 τῶν
505 1365 662 1425 μίμων
716 1361 988 1423 εἰσφερομε-
1043 1363 1070 1407 ὁ
1137 1359 1357 1423 βασιλεὺς
1418 1361 1678 1423 εἷσεφερετο
2074 1361 2334 1424 εἰσεφέρετο

354 1453 433 1488 νος
515 1433 988 1495 περικεκαλυμμένος.
1044 1433 1154 1486 ὅλος
1203 1432 1558 1494 κεκαλυμμενος
1601 1432 1679 1478 καὶ
1735 1432 1846 1485 ὅλος
1887 1373 2335 1495 συγκεκαλυμμένος

353 1506 502 1559 τεθεὶς
551 1505 601 1551 δὲ
649 1505 723 1550 ἐπὶ
771 1504 855 1566 τὴν
900 1505 1108 1566 γῆνιὸεἰς
1150 1503 1234 1565 τὴν
1273 1509 1364 1565 γῆν
1400 1503 1578 1549 ἐτίθετο
1615 1503 1814 1557 ὡςιῡκαὶ
1840 1503 2018 1550 ἐτίθετο
2043 1505 2108 1557 εἰς
2132 1503 2217 1566 τὴν
2243 1510 2335 1566 γῆν
2373 1512 2377 1516 “

353 1577 446 1623 ὑπὸ
485 1582 576 1622 τῶν
613 1575 983 1638 συμπαιζόντων,
1044 1576 1108 1628 εἷς
1143 1574 1210 1620 ὢν
1241 1575 1358 1636 δῆτα
1391 1579 1483 1620 τῶν
1512 1575 1679 1636 μίμων.
1735 1575 1801 1628 ὡς
1837 1575 1901 1628 εἷς
1938 1574 2005 1620 ὢν
2041 1580 2134 1621 τῶν
2166 1576 2333 1637 μίμων·

352 1648 466 1710 μετὰ
504 1653 645 1694 ταῦτα
679 1653 762 1709 τῆς
792 1663 988 1708 συμφω-
1044 1646 1122 1692 καὶ
1155 1652 1237 1707 τῆς
1262 1646 1538 1707 συμφωνίας
1561 1663 1680 1706 προ-
1735 1646 1813 1691 καὶ
1833 1651 1915 1708 τῆς
1934 1647 2334 1708 συμφωνίαςπρο-

352 1721 452 1773 νίας
476 1718 872 1780 προκαλουμένης
891 1718 989 1763 ἀνε-
1043 1716 1351 1779 καλουμένης,
1434 1717 1679 1779 ἀναπηδή-
1735 1716 2032 1779 καλουμένης
2062 1718 2089 1763 ὁ
2115 1716 2334 1778 βασιλεὺς

353 1791 482 1853 πήδα
540 1789 718 1851 γυμνὸς
768 1789 845 1834 καὶ
895 1794 989 1841 τοῖς
1042 1806 1128 1842 σας
1734 1788 2045 1850 ἀναπηδήσας

353 1863 512 1924 μίμοις
548 1862 856 1922 προσπαίζων
894 1860 987 1920 ὠρ-
998 1876 1032 1903 20
1586 1859 1678 1920 ὠρ-
1689 1873 1724 1902 20
2239 1860 2332 1921 ὠρ-

354 1939 476 1995 χεῖτο
508 1938 599 1978 τῶν
631 1932 877 1993 ὀρχήσεων
907 1930 989 1984 τὰς
1044 1937 1167 1993 χεῖτο
1198 1930 1275 1976 καὶ
1302 1931 1575 1990 ὑπεκρίνετο
1601 1947 1680 1990 με-
1735 1935 1858 1992 χεῖτο
1914 1930 1993 1976 καὶ
2048 1930 2334 1991 προσέπαιζε

356 2004 531 2066 γέλωτα
589 2004 664 2049 καὶ
722 2002 989 2065 χλευασμὸν
1044 2001 1097 2047 τὰ
1136 2007 1228 2047 τῶν
1267 2002 1593 2063 γελωτοποιῶν
1735 2007 1829 2054 τοῖς
1865 2002 2035 2063 μίμοις,

353 2075 577 2128 εἰωθυίας
598 2074 898 2128 ἐπισπᾶσθαι,
924 2074 989 2126 ὡς
1565 2072 1682 2117 ὥστε
2065 2072 2181 2118 ὥστε
2216 2072 2333 2118 πάν-

354 2146 530 2199 πάντας
555 2145 891 2207 αἰσχυνθέντας
915 2144 988 2189 ἐπὶ
1043 2144 1221 2197 πάντας
1312 2142 1681 2205 αἰσχυνομένους
1736 2160 1816 2196 τας
1862 2142 2177 2204 αἰσχύνεσθαι.
2220 2139 2333 2208 [τοι-

427 2303 437 2329 1
494 2293 638 2338 ῥίπτων
655 2289 881 2332 Salmasius,
903 2292 987 2326 νίπ-

354 2359 443 2382 Τωῖ).

424 2409 441 2436 2
495 2395 624 2448 ψωμὲν
666 2395 893 2438 Salmasius,
923 2399 988 2447 ψο-

354 2449 441 2498 μὲν.

424 2515 442 2542 4
496 2504 616 2540 πὸτ-σν
632 2502 822 2541 Valesius
837 2502 988 2541 collato

355 2556 580 2598 Athenaeo,
610 2557 743 2593 τόπεν.

425 2622 478 2650 5-6
532 2607 649 2657 ἐρῶ-ὸς
685 2608 886 2651 Valesius
925 2608 987 2656 ἑρ-

355 2667 447 2701 θὼσ·
474 2660 528 2700 δὲ.

411 2728 458 2756 13-
463 2728 495 2755 14
555 2730 579 2754 ε.
574 2717 656 2767 ’σφε
658 2729 700 2763 ρο
702 2729 753 2764 με
738 2730 817 2760 ινος
887 2714 988 2754 Din-

355 2768 457 2811 dorf,
487 2768 575 2813 ἔεκφ
560 2770 712 2817 „ebusus
696 2783 755 2806 o·
1764 2779 1848 2807 17-18
1866 2765 2199 2819 προκαλουμένης]
2211 2781 2334 2816 προσ·-

407 2834 443 2862 22
497 2837 545 2871 γε
538 2822 657 2859 >xm-x
675 2821 901 2864 Salmasius,
917 2821 989 2871 γε’-
1736 2821 1978 2869 κκλευμένης
2010 2820 2059 2859 cf.
2090 2826 2198 2860 iuxta
2225 2820 2333 2871 apud

358 2880 508 2913 λωτασ.
1708 2903 1711 2919 ,
1736 2873 1882 2913 Athen.
1962 2873 2017 2916 V,
2087 2874 2332 2914 1940—1951.

408 3022 477 3050 243
497 3029 525 3056 p.
544 3022 579 3050 73
634 3010 987 3049 ramam—<imae
992 3009 1092 3060 νσ-ικ]
1138 3009 1261 3048 Hisce
1303 3015 1383 3049 suis
1425 3016 1562 3059 paucis
1604 3009 1736 3048 verbis
1778 3008 2009 3048 Athenaeus
2047 3009 2332 3060 complectitur

357 3078 459 3114 quae
488 3064 670 3114 leguntur
698 3063 805 3114 apud
834 3062 1060 3102 Diodorum
1090 3078 1127 3112 p.
1160 3064 1221 3104 73
1253 3064 1324 3101 2-
1334 3064 1383 3102 20
1412 3063 1545 3101 καὶε-
1535 3061 1647 3101 ἀτ-ιν.

2420 2966 2430 3053 ,ς

2420 3056 2430 3167 ἕ
