2430 3632
20 2991 21 2994 „
0 2377 21 2925 ,,ῊῊΠᾝΨΠ”πἮ-ςμιτνςσ4ψαγ4ῃ;ηψπν
0 2320 6 2350 ,Ἡ
0 2251 1 2254 Α
0 2218 2 2222 v
0 2146 5 2199 μη.»
0 2105 3 2126 w
0 2078 3 2086 r*
0 2013 9 2028 ‘-
0 1948 1 1966 „„
0 1924 2 1926 ,
0 1897 2 1899 ,

859 238 897 270 C.
945 237 1203 269 couveuTus
1227 238 1468 269 Ampfflpou.
2109 230 2150 266 21

341 337 467 380 Diod.
495 337 653 383 XXXI.
679 338 717 381 8.
745 337 851 378 6-9
878 336 947 377 Di.
1505 335 1592 376 Liv.
1620 334 1755 379 XLV.
1783 335 1846 376 29.

166 412 286 479 μετὰ
322 417 483 479 Υ’ταῦτα
516 408 850 475 ,νεωτερίζοιεν
902 411 980 459 διὰ
1034 416 1127 458 τῶν

169 483 429 551 χρημάτων
471 483 793 547 ἀνακτώμενοι
835 483 922 547 τὴν
956 482 1126 530 Μακε-

130 570 154 601 ι
167 555 326 606 &vent
370 555 539 624 ἀρχήν.
581 554 667 619 τὴν
707 554 761 602 δὲ
801 554 967 618 χώραν
1007 553 1125 617 ὅλην
1649 556 1810 602 deinde
1853 563 1898 601 in
1944 565 2153 612 quattuor
2173 566 2190 595 ⁵

167 626 340 677 διεῖλον
361 628 428 682 εἰς
450 626 652 688 τέσσαρα
676 625 814 690 μέρη,
843 624 913 672 ὥν
933 630 1125 687 πρῶτον
1196 635 1400 685 regiones
1444 628 1582 673 dividi
1629 627 1970 673 Macedoniamz
2021 643 2153 672 unam

167 697 225 747 τὰ
282 696 459 762 μεταξὺ
518 697 707 746 Νέστου
765 701 985 760 ποταμοῦ
1044 696 1124 743 καὶ
1151 711 1170 740 5
1196 699 1294 744 fore
1318 709 1362 745 et
1388 706 1572 756 primam
1593 710 1763 756 partem
1784 698 1905 755 quod
1925 705 2021 756 aqri
2042 705 2155 743 inter

167 768 452 833 Στρυμόνος
498 769 578 816 καὶ
626 768 681 816 τὰ
726 768 852 831 πρὸς
891 767 1127 830 ἀνατολὴν
1197 770 1476 826 Strymonem
1528 782 1573 815 et
1620 770 1811 815 Nessum
1857 776 1911 815 sit
1955 785 2152 817 amnem:
2182 793 2187 799 ·

167 845 254 907 τοῦ
292 840 484 890 Νέστου
524 838 734 903 ἐρύματα
1197 857 1471 887 accessurum
1513 842 1613 888 huic
1653 848 1767 898 parti
1808 851 1929 886 trans
1959 840 2151 886 Nasum
2172 851 2192 880 ⁶

1197 913 1255 957 ad
1287 920 1500 958 orientem
1532 929 1721 960 versum.
1753 929 1841 969 qua
1874 911 2059 957 Perseus
2089 922 2154 957 te-

795 981 876 1029 καὶ
911 981 967 1028 τὰ
987 981 1126 1043 ,πρὸς
1197 990 1360 1029 nuisset
1395 991 1534 1031 vicos.
1561 984 1753 1032 castella.
1775 984 1956 1040 oppida.
1978 993 2153 1039 praeter

167 1053 383 1119 Δβδηρα
419 1054 498 1102 καὶ
536 1053 827 1116 Μαρώνειαν
863 1053 942 1100 καὶ
973 1052 1126 1099 Αἶνον
1147 1067 1179 1096 ιο
1196 1054 1371 1099 Aenum
1428 1066 1472 1100 et
1532 1054 1798 1100 Maroneam
1855 1065 1899 1099 et
1945 1054 2151 1102 Abdera:

166 1125 339 1183 πόλεις,
383 1125 508 1188 πρὸς
541 1124 726 1188 δυσμὰς
761 1124 813 1171 δὲ
850 1129 933 1171 τοῦ
970 1123 1125 1185 Στρυ-
1197 1132 1260 1170 cis
1302 1125 1581 1181 Strymonem
1603 1136 1774 1179 -autem
1821 1132 2051 1182 vergentia
2094 1126 2152 1170 ad

167 1196 316 1261 μόνος
365 1196 588 1244 Βισαλτία
630 1201 759 1243 πᾶσα
803 1195 918 1258 μετὰ
955 1201 1039 1258 τῆς
1074 1195 1125 1242 ἐν
1196 1213 1414 1246 occasum.
1488 1197 1736 1243 Bisalticam
1808 1213 1982 1242 omnem
2053 1213 2152 1242 cum

167 1273 227 1333 τῇ
284 1267 481 1332 Σιντικῇ
537 1267 832 1330 Ἡρακλείας·
904 1265 1125 1328 δεύτερον
1198 1268 1431 1316 Heraclea
1487 1285 1619 1325 quam
1670 1268 1863 1314 Sinticen
1913 1268 2151 1324 appellant.

166 1338 326 1403 μέρος,
396 1340 516 1401 ὅπερ
581 1339 678 1386 ἀπὸ
743 1338 832 1401 μὲν
890 1338 1124 1401 ἀνατολῆς
1195 1340 1430 1384 secundam
1453 1340 1550 1385 fore
1571 1347 1810 1397 regionem.
1827 1356 1958 1396 quam
1975 1341 2034 1385 ab
2050 1350 2151 1384 ortu
2172 1351 2189 1379 ⁷

168 1411 315 1474 ὁρίζει
367 1411 396 1458 ὁ
454 1409 694 1473 Στρυμὼν
746 1410 972 1472 ποταμός,
1147 1424 1179 1453 1⁵
1196 1410 1376 1466 Strymo
1415 1411 1751 1467 amplecteretur
1789 1417 1942 1458 amnis.
1980 1420 2154 1466 praeter

1033 1480 1129 1527 ἀπὸ
1201 1482 1394 1527 Sinticen
1445 1482 1707 1527 Heracleam
1759 1492 1803 1527 et
1849 1481 2047 1530 Bisaltas,
2094 1482 2154 1526 ab

168 1548 231 1603 δὲ’
280 1553 477 1616 δυσμῶν
535 1554 564 1600 ὁ
623 1551 918 1615 καλούμενος
966 1551 1128 1606 Ἄξιος
1198 1570 1447 1609 occasuque
1496 1553 1635 1598 Axius
1681 1560 1932 1598 terminaret
1979 1552 2151 1600 fluvius.

167 1623 384 1688 ποταμὸς
425 1624 505 1672 καὶ
541 1625 591 1672 οἱ
621 1625 959 1686 παρακείμενοι
996 1624 1125 1685 αὐτῷ
1196 1625 1356 1670 additis
1398 1624 1661 1672 Paeonibus.
1704 1630 1778 1680 qui
1820 1640 1962 1680 prope
1992 1623 2152 1668 Axium

167 1695 316 1744 τόποι·
1198 1696 1357 1741 flumen
1387 1697 1445 1741 ad
1477 1703 1701 1752 regionem
1733 1703 1913 1740 orientis
1943 1697 2150 1741 colerent.

169 1767 335 1830 τρίτον,
387 1769 435 1823 ,ὃ
500 1766 703 1831 περιέχει
771 1766 890 1813 κατὰ
940 1766 1124 1828 ὁύσμάς
1142 1780 1178 1809 20
1196 1774 1323 1812 tertia
1380 1784 1481 1823 pars
1537 1767 1667 1814 facta.
1721 1783 1852 1823 quam
1905 1766 2043 1812 Axius
2093 1767 2152 1811 ab
2172 1778 2190 1806 8

168 1837 257 1902 μὲν
326 1838 355 1885 ὁ
427 1838 638 1902 Πηνειὸς
701 1838 927 1900 ποταμός,
1005 1837 1124 1884 κατὰ
1198 1846 1380 1886 oriente.
1415 1838 1585 1883 Peneus
1615 1845 1754 1883 amnis
1784 1838 1843 1883 ab
1874 1854 2035 1883 occasu
2061 1845 2152 1883 cin-

168 1909 222 1958 ὄὲ
281 1910 460 1972 ἄρκτον
518 1909 571 1956 τὸ
626 1909 883 1972 λεγόμενον
938 1908 1124 1970 Βέρνον
1195 1921 1325 1967 qunt:
1373 1910 1430 1955 ad
1476 1916 1819 1966 septentrionem
1867 1908 1985 1954 Bora
2027 1925 2152 1954 mons

168 1981 297 2044 ὄρος,
325 1981 678 2042 προςτεθέντων
701 1982 784 2027 καί
806 1998 942 2027 τινων
967 1981 1126 2027 τόπων
1197 1982 1412 2028 obicitur;
1473 1981 1646 2026 adiecta
1707 1981 1806 2025 huic
1864 1987 1976 2036 parti
2028 1988 2152 2036 reqio

168 2058 253 2116 τῆς
286 2051 532 2107 Παιονίας,
1199 2053 1433 2100 Paeoniae.
1451 2069 1538 2108 qua
1553 2053 1613 2097 ab
1629 2068 1788 2097 occasu
1806 2062 1980 2107 praeter
1990 2051 2150 2096 Axium

219 2202 284 2237 &⁷
356 2190 526 2243 Νέστου]
572 2190 738 2232 {ormam
774 2196 901 2243 magis
927 2196 1124 2234 usitatam.
1217 2162 1597 2239 ⁷—sfflNessum1
1650 2187 1742 2228 vide
1793 2193 1901 2227 iuxta
1951 2186 2003 2227 ad
2050 2186 2152 2227 Dio-

168 2258 289 2297 qunm
338 2257 413 2285 nec
454 2244 592 2285 Livius
632 2258 707 2285 nec
749 2243 853 2286 Ptol.
891 2243 954 2287 111
997 2245 1056 2287 12.
1098 2244 1124 2284 6
1195 2242 1349 2283 dorum.

167 2304 339 2343 tuentur.
379 2296 571 2339 Diodoro
605 2297 742 2339 deberi
774 2297 889 2338 facile
916 2296 1124 2338 credimus
1267 2308 1286 2337 9
1382 2309 1436 2335 ra
1450 2308 1473 2335 e
1488 2303 1503 2335 t
1517 2309 1539 2335 e
1555 2294 1587 2346 r]
1618 2294 1710 2334 vide
1738 2300 1859 2334 iuxta.

237 2361 258 2394 0
309 2351 374 2391 καὶ
400 2350 453 2390 τὰ
480 2366 575 2399 πρε
557 2350 593 2403 ς]
622 2350 760 2392 Livius
786 2356 931 2392 rectius
950 2358 1125 2402 praeter.
1254 2361 1285 2390 12
1388 2348 1629 2389 isaltica
1645 2347 1698 2399 m]
1727 2347 1821 2388 vide
1848 2353 1968 2387 iuxta.

167 2410 263 2456 quia
302 2403 455 2449 Aenus.
497 2404 710 2448 Maronea.
753 2404 917 2445 Abdera
953 2410 1127 2456 regionis
1255 2414 1287 2443 16
1341 2401 1609 2442 Sinticen
1665 2400 2022 2452 Heracleam]
2082 2407 2151 2444 sic.

168 2466 277 2500 nans
320 2456 498 2499 Nessum
538 2458 591 2499 ad
632 2464 823 2500 orientem
852 2471 992 2499 versae
1019 2465 1122 2498 sunt.
1197 2470 1279 2497 non
1308 2454 1500 2498 Sinticen.
1529 2453 1788 2498 Heracleam.
1817 2468 1907 2494 nam
1921 2462 2022 2494 teste
2037 2468 2151 2505 para-

223 2523 258 2554 ιο
309 2509 493 2560 Ἄβδηρα
522 2510 680 2552 Scalie
682 2526 712 2555 r.
740 2510 959 2560 ’2.Ᾰβδηρπν
1197 2509 1353 2562 qrapho
1391 2509 1413 2548 7
1451 2514 1508 2548 cis
1548 2506 1802 2559 Strymonem
1831 2507 1960 2548 solum
1991 2507 2152 2547 Bisaltia

224 2576 258 2606 12
312 2564 519 2617 Βισαλτία]
554 2525 1126 2609 ct.ffierod.V11‚115;Li-
1198 2571 1238 2603 et
1267 2562 1463 2603 Heraclea
1491 2569 1608 2607 sunt·
1637 2568 1841 2612 praeterea
1854 2568 1896 2601 et
1910 2568 2004 2611 post
2024 2560 2151 2600 Hera-

169 2623 260 2659 vius
298 2617 503 2659 adiectivo
543 2632 640 2660 usus
665 2626 726 2659 est
754 2624 935 2668 sequenti
965 2618 1074 2657 Σιντι
1064 2633 1124 2662 ικν,
1197 2616 1322 2657 cleam
1351 2615 1557 2656 soloecum
1585 2623 1702 2655 esset.

167 2670 377 2713 adductus.
1248 2681 1284 2710 ῃ
1339 2669 1484 2709 Bora
1519 2680 1639 2716 3ρ.22
1677 2667 1885 2719 Boram]
1916 2667 2150 2708 videiuxta.

220 2736 258 2767 22
312 2725 445 2772 Βέρνσν
490 2724 660 2766 sonasse
690 2726 847 2774 Βὲιενρμ
829 2742 860 2767 .
893 2724 943 2765 cf.
970 2724 1122 2764 Herod.

169 2776 299 2876 311121g
311 2779 410 2824 138:
470 2778 587 2819 traho
614 2777 690 2819 Vll
721 2777 1122 2830 traq.25;26;x1V.

173 2958 191 2962 --
209 2958 253 3020 3·
241 2959 339 3027 ηομ.
356 2991 394 3021 22
453 2977 518 3020 De
546 2978 745 3020 Strabone
775 2978 849 3019 Vll
880 2978 976 3030 frag.
1007 2979 1057 3019 48
1086 2978 1179 3018 vide
1206 2991 1260 3028 ap
1331 2976 1398 3017 lX.

226 3044 258 3074 13
310 3046 468 3083 quam
510 3031 778 3073 Sinticen
820 3031 1159 3083 appellant]
1204 3029 1442 3070 Versionem
1471 3028 1657 3079 produnt.
