2430 3632
322 232 369 269 86
979 239 1135 269 OLYMP.
1165 234 1242 277 153,
1266 235 1309 270 4;
1335 240 1410 272 RES
1435 241 1655 286 GRAEOEAE:

916 431 959 471 ΙΙ.
1044 431 1203 472 RES
1285 432 1713 474 GRAECIA.

1065 522 1283 558 Commotio
1307 525 1347 558 in
1372 522 1554 559 Graecia.

671 638 759 679 Pol.
787 638 926 682 XXX.
955 640 1018 682 32,
1052 640 1205 679 11—12
1234 639 1400 685 B.-W.;
1429 640 1583 684 XXXI.
1613 642 1649 684 8,
1683 642 1836 681 11—12
1866 642 1946 682 Hu.

270 729 297 756 11
320 712 439 760 κατὰ
489 712 540 759 δὲ
589 712 674 775 τὴν
717 712 916 759 Ἐλλάδα
966 713 1326 777 ὃιαγγελθείσης
1366 718 1482 777 <τῆς>
1518 716 1816 777 ἀποκρίσεως
1851 722 1934 779 τῆς
1972 723 2067 772 τοῖς
2095 717 2304 781 Ἀχαιοῖς

320 783 579 847 δεδομένης
626 784 745 846 ὑπὲρ
795 789 887 831 τῶν
923 784 1325 841 καταιτιαῦέντων,
1366 785 1421 831 τὰ
1458 786 1545 847 μὲν
1580 786 1746 850 πλήθη
1784 788 2033 851 συνετρίβη
2070 795 2168 843 ταῖς
2204 790 2303 836 ὃια-

267 870 301 898 12
320 856 478 911 νοίαις,
526 856 609 902 καί
648 873 714 910 τις
756 856 857 902 οἷον
899 855 1190 918 ἁπελπισμὸς
1231 855 1502 919 ὑπέδραμεν
1538 856 1647 912 τοὺς
1684 858 1988 921 ἀνθρώπους,
2029 860 2078 906 οἱ
2109 859 2161 906 δὲ
2197 859 2303 922 περὶ

320 926 400 973 τὸν
454 926 669 988 Χάροπα
719 926 798 973 καὶ
847 926 1181 990 Καλλικράτην
1234 927 1313 974 καὶ
1368 927 1537 982 πάντες
1592 929 1641 975 οἱ
1690 935 1773 991 τῆς
1828 930 1974 992 αὐτῆς
2027 930 2304 985 ὑποθέσεως

319 1002 609 1060 προεστῶτες
644 997 870 1060 μετέωροι
906 997 1045 1044 πάλιν
1081 998 1392 1061 ἐγενήθησαν.
2321 1017 2339 1046 5

393 2562 402 2589 1
460 2556 566 2595 <τῆς>
592 2549 684 2589 add.
714 2545 1080 2600 Schweighaeuser.

389 2615 406 2642 4
462 2604 630 2652 Χάροπα
659 2602 1026 2654 Schweighaeuser,
1053 2603 1246 2655 χάρωνι-σν.

319 2760 676 2810 Τεβέριον-π-άλιν
717 2760 966 2812 ἐγενήθησαν
1007 2776 1158 2802 novum
1200 2776 1287 2802 esse
1329 2761 1602 2812 fragmentum,
1640 2759 1762 2811 quod,
1801 2767 1905 2811 quia
1934 2769 1977 2800 ut
2004 2773 2125 2811 saepe
2153 2758 2299 2800 factum

320 2823 391 2858 est.
433 2821 581 2855 omissa
621 2815 769 2855 vocula
811 2814 867 2853 ἔτι
896 2821 935 2854 in
963 2815 1185 2866 archetypo
1213 2821 1399 2866 scriptum
1428 2822 1544 2858 esset.
1573 2829 1597 2854 a
1625 2814 1784 2854 librario
1812 2828 1916 2854 saec
1946 2814 2048 2854 XVI
2077 2828 2166 2854 cum
2195 2813 2299 2865 fraq-

320 2875 455 2917 mento
482 2868 732 2908 antecedenti
757 2868 859 2908 male
886 2874 1216 2931 coniungeretun
1245 2874 1319 2908 nisi
1346 2868 1506 2908 credere
1534 2874 1660 2907 mavis
1688 2881 1770 2907 non
1799 2867 1932 2911 semel
1961 2867 2032 2907 sed
2060 2867 2121 2907 bis
2149 2881 2299 2907 errasse

320 2922 529 2964 librarium,
567 2921 658 2961 inde
685 2936 709 2961 a
740 2921 872 2961 verbis
906 2921 1011 2960 κατὰ
1040 2918 1081 2960 δὲ
1110 2921 1181 2968 τὴν
1211 2921 1391 2961 Ελλάδα
1420 2935 1583 2972 quoque
1611 2927 1650 2960 in
1677 2920 1899 2971 archetypo
1927 2935 2078 2961 novum
2106 2926 2300 2971 incepisse

321 2974 606 3026 fragmentum3
635 2975 910 3026 (Boissevain).

394 3040 442 3069 1·5
497 3027 672 3066 κατὰ-
661 3027 940 3079 ’γενήθησ-αν]
997 3027 1107 3068 Vide
1134 3028 1435 3068 adnotationem
1462 3026 1774 3067 antecedentem.
