2430 3632
339 244 385 280 82
1013 250 1170 280 οιγΜΡ.
1202 245 1277 288 153,
1301 245 1346 280 4;
1374 251 1448 281 RES
1475 251 1651 280 lTALiAE.

889 347 975 388 Pol.
1005 347 1142 391 XXX,
1173 349 1218 388 31
1253 348 1418 394 B.-W.;
1451 349 1606 392 XXXI,
1636 350 1659 388 7
1689 349 1769 389 Hu.

338 423 411 469 ἐπὶ
467 423 518 469 τὸ
572 422 911 484 παραιτεῖσθαι,
965 423 1189 484 καθάπερ
1239 425 1288 469 οἱ
1330 423 1694 486 μαστιγούμενοι
1742 424 1823 479 τὰς
1869 425 2068 488 πληγάς,
2121 427 2321 489 φάσκων

339 495 517 548 ἱκανοῖς
552 495 826 556 προστίμοις
861 494 1260 555 περιπεπτωκέναι
1297 494 1382 557 τὴν
1411 496 1612 556 πατρίδα
1644 496 1723 542 καὶ
1753 497 1932 557 μείζοσι
1963 503 2045 560 τῆς
2075 499 2318 560 ἁμαρτίας.

302 581 318 607 4
338 565 416 611 καὶ
459 565 788 627 προσθέμενος
829 565 1038 627 ἐξηγεῖτο
1082 564 1163 618 τὰς
1198 565 1476 621 ἐλαττώσεις,
1519 566 1859 628 κεφαλαιωδῶς
1895 568 2086 624 διεξιών,
2127 574 2318 631 πρῶτον

337 636 423 698 μὲν
465 637 533 683 ὅτι
576 635 765 682 Λυκίαν
802 636 880 682 καὶ
917 636 1106 696 Καρίαν
1141 636 1506 692 ἀπολωλέκασιν,
1548 639 1613 691 εἰς
1649 638 1709 700 ἢν
1745 638 1796 692 ἐξ
1832 639 1985 702 ἀρχῆς
2021 639 2107 700 μὲν
2143 640 2318 687 ἐδαπά-

337 725 486 770 νησαν
521 707 780 770 χρημάτων
815 707 980 753 ἱκανὸν
1015 707 1216 769 πλῆθος,
1258 707 1463 769 τριττοὺς
1498 709 1738 770 πολέμους
1772 710 2151 771 ἀναγκασθέντες
2179 711 2318 758 πολε-

336 786 439 841 μεῖν
486 779 655 834 αὐτοῖς,
709 778 809 824 νυνὶ
858 778 909 824 δὲ
957 778 1211 839 προσόδων
1253 778 1518 842 ἐστέρηνται
1553 779 1742 826 πολλῶν
1779 779 1846 826 ὧν
1882 781 2152 843 ἐλάμβανον
2186 782 2317 844 παρὰ

301 866 317 893 5
337 855 429 896 τῶν
476 849 844 912 προειρημένων.
897 848 1022 905 ,,ἀλλ’
1074 848 1217 903 ἴσως”
1269 850 1360 912 ἔφη
1415 855 1587 906 ,,ταῦτα
1610 860 1613 863 ’
1637 850 1723 912 μὲν
1772 851 1865 914 ἔχει
1907 851 2063 914 λόγον·
2107 853 2186 899 καὶ
2223 853 2316 915 γὰρ

335 921 546 967 ἐδώκαθ’
604 921 735 983 ὑμεῖς
789 920 906 966 αὐτοὶ
961 929 1025 982 τῷ
1080 920 1231 982 δήμῳ,
1291 920 1405 983 μετὰ
1460 921 1650 984 χάριτος
1697 922 1807 969 <διά“
1854 922 1940 985 τὴν
1987 924 2184 979 εὔνοιαν,
2238 924 2316 971 καὶ

337 993 641 1055 ἀφανίζοντες
683 991 800 1037 αὑτὰ
844 991 963 1037 κατὰ
1001 991 1148 1053 λόγον
1183 992 1385 1038 ἐδοκεῖτε
1422 997 1558 1038 τοῦτο
1595 993 1821 1054 πράττειν,
1864 993 2160 1057 ἐμπεσούσης
2195 995 2318 1050 τινὸς

300 1078 317 1105 6
336 1064 549 1126 ὑποψίας
597 1063 675 1109 καὶ
725 1063 959 1124 διαφορᾶς
1007 1063 1126 1124 ὑμῖν.
1175 1062 1291 1108 ἀλλά
1342 1063 1537 1110 Καῦνον
1586 1064 1744 1126 δήπου
1794 1066 2046 1111 διακοσίων
2082 1065 2345 1112 ταλάντωνι

335 1135 695 1197 ἐξηγοράσαμεν
737 1134 867 1195 παρὰ
911 1139 1004 1179 τῶν
1044 1133 1348 1196 Πτολεμαίου
1385 1141 1661 1197 στρατηγῶν
1698 1135 1777 1181 καὶ
1813 1135 2177 1197 Στρατονίκειαν
2212 1137 2316 1183 ἐλά-

300 1221 316 1247 7
334 1207 485 1268 βομεν
551 1206 614 1275 ἐν’
666 1205 849 1268 μεγάλῃ
905 1205 1056 1268 χάριτι
1115 1205 1223 1266 παρ’
1281 1205 1527 1268 Ἀντιόχου
1591 1206 1670 1252 καὶ
1731 1205 1985 1253 Σελεύκου·
2025 1203 2126 1254 νκαὶ
2185 1208 2315 1270 παρὰ

335 1276 512 1323 τούτων
567 1281 658 1322 τῶν
712 1277 898 1322 πόλεων
946 1276 1229 1338 ἀμφοτέρων
1276 1277 1445 1323 ἑκατὸν
1494 1277 1572 1323 καὶ
1620 1279 1767 1323 εἴκοσι
1814 1278 2012 1324 τάλαντα
2063 1288 2127 1341 τῷ
2176 1279 2343 1342 δήμῳ·

299 1363 316 1390 8
335 1348 576 1409 πρόσοδος
623 1348 782 1393 ἔπιπτε
830 1347 945 1393 καθ’
998 1348 1196 1393 ἕκαστον
1243 1347 1359 1401 ἔτος.
1412 1347 1589 1394 τούτων
1637 1350 1835 1395 ἀπασῶν
1882 1350 2175 1412 ἐστερήμεθα
2224 1356 2317 1397 τῶν

298 1434 316 1462 9
334 1419 600 1480 προσόδων,
664 1418 883 1472 θέλοντες
941 1418 1216 1481 πειθαρχεῖν
1270 1426 1364 1472 τοῖς
1417 1419 1657 1481 ὑμετέροις
1710 1421 2076 1482 προστάγμασιν.
2143 1422 2194 1475 ἐξ
2249 1421 2316 1468 ὧν

335 1492 527 1552 μείζονα
577 1490 732 1552 φόρον
780 1490 1092 1536 ἐπιτεθείκατε
1141 1496 1236 1543 τοῖς
1279 1490 1468 1543 Ῥοδίοις
1516 1497 1599 1553 τῆς
1635 1492 1829 1552 ἀγνοίας
1866 1493 1897 1553 ἢ
1935 1492 2185 1538 Μακεδόσι
2221 1499 2316 1547 τοῖς
2373 1509 2376 1512 ⁴

335 1561 410 1608 διὰ
442 1562 617 1615 παντὸς
647 1561 886 1623 πολεμίοις
917 1561 1026 1622 ὑμῖν
1051 1561 1297 1622 ὑπάρξασι.
1329 1561 1380 1607 τὸ
1407 1562 1457 1608 δὲ
1482 1561 1701 1623 μέγιστον
1723 1561 1987 1624 σύμπτωμα
2015 1569 2097 1625 τῆς
2121 1563 2314 1618 πόλεως·

285 1646 316 1676 ι·ο
335 1632 637 1679 καταλέλυται
699 1632 791 1694 γὰρ
854 1633 885 1694 ἦ
941 1636 1023 1678 τοῦ
1085 1632 1269 1694 λιμένος
1322 1633 1574 1693 πρόσοδος,
1635 1633 1769 1694 ὑμῶν
1823 1633 1982 1695 Δῆλον
2035 1635 2122 1696 μὲν
2175 1635 2315 1698 ἀτελῆ

331 1704 673 1766 πεποιηκότων,
716 1703 1039 1766 ἀφῃρημένων
1076 1703 1127 1749 δὲ
1165 1703 1249 1765 τὴν
1286 1708 1368 1749 τοῦ
1405 1704 1563 1766 δήμου
1600 1705 1881 1767 παρρησίαν,
1924 1705 1976 1750 δι’
2018 1705 2076 1767 ἧς
2112 1705 2191 1752 καὶ
2227 1706 2315 1752 <τά>

332 1775 450 1821 κατὰ
489 1775 569 1821 τὸν
606 1774 765 1836 λιμένα
805 1775 883 1821 καὶ
920 1774 1061 1821 τᾶλλα
1098 1775 1249 1820 πάντα
1287 1781 1369 1837 τῆς
1405 1775 1588 1828 πόλεως
1624 1774 1848 1837 ἐτύγχανε
1885 1782 1967 1838 τῆς
2009 1775 2316 1840 ἁρμοζούσης

229 1862 254 1888 ιι
283 1862 312 1889 ι2
331 1847 627 1908 προστασίας.
671 1847 739 1892 ὅτι
783 1846 833 1892 δὲ
870 1846 987 1891 τοῦτ’
1027 1846 1147 1891 ἔστιν
1185 1845 1362 1908 ἀληθὲς
1400 1847 1457 1892 οὐ
1496 1847 1720 1909 δυσχερὲς
1757 1847 2061 1909 καταμαθεῖν
2098 1853 2181 1893 τοῦ
2221 1847 2313 1910 γὰρ

401 2033 418 2060 6
472 2021 672 2068 προσόδων
702 2020 884 2062 Ursinus,
915 2021 1116 2068 πρόσοδον.

401 2085 419 2113 8
473 2073 566 2118 <διὰ>
594 2073 686 2112 add.
717 2073 901 2112 Hultsch.
987 2111 992 2115 .

400 2139 417 2167 9
472 2127 718 2178 ὁφανιζόνττς
752 2126 1108 2177 Schweighaeuser
1136 2127 1198 2177 (de
1227 2126 1336 2166 hiatu
1364 2126 1414 2166 cf.
1444 2127 1812 2166 Buettner—Wobst
1835 2126 2087 2176 Jahrbiz'cher
2113 2127 2180 2177 fiir
2206 2128 2311 2168 clas-

261 2190 264 2195 “
329 2181 464 2220 sische
491 2180 718 2230 Philoloyie
751 2181 850 2219 1889
880 2195 917 2230 p.
948 2181 1026 2219 689
1055 2181 1111 2228 s.),
1142 2181 1386 2233 χαριζζοντες.

386 2247 417 2273 12
471 2234 550 2285 καὶ]
581 2239 647 2272 τεῦ
676 2233 872 2274 Niebuhr.
903 2234 996 2273 vide
1025 2233 1135 2272 infra.

386 2299 417 2328 19
471 2287 557 2331 <τὰ>
584 2287 675 2326 add.
706 2287 888 2326 Ursinus.

385 2460 416 2486 12
471 2446 564 2495 περ’
596 2446 796 2498 Ἀντιόχου
826 2446 888 2484 noti*
918 2446 1127 2498 Σελεύκου]
1159 2446 1324 2486 Indicari
1352 2446 1536 2486 videntur
1564 2445 1755 2486 Selemus
1785 2446 2002 2487 Callinicus
2030 2455 2069 2486 et
2084 2447 2310 2488 Antiochus

330 2500 479 2539 Hierax
523 2514 547 2539 a
594 2499 673 2539 fere
716 2499 928 2539 242—fere
972 2501 1048 2539 239
1089 2506 1250 2539 iunctim
1292 2509 1501 2550 regnantes
1531 2500 1790 2550 Rhodiisque,
1820 2507 1887 2550 qui
1915 2514 1987 2540 eos
2017 2507 2054 2540 in
2083 2501 2191 2540 bello
2219 2515 2309 2540 cum

329 2553 561 2592 Ptolemaeo
590 2552 787 2603 Euergete
820 2560 935 2603 gesto
963 2553 1209 2596 adiuverant,
1239 2561 1281 2592 ut
1310 2553 1517 2592 verisimile
1545 2561 1616 2595 est,
1646 2553 1844 2593 beneficio
1872 2554 2059 2604 obligati:
2088 2554 2138 2593 cf.
2155 2554 2307 2594 Beloch

330 2605 595 2645 Griechische
637 2605 886 2645 Geschichte
927 2606 987 2649 III,
1031 2607 1054 2645 2
1110 2621 1147 2655 p.
1186 2607 1263 2646 455
1292 2620 1335 2648 s..
1365 2621 1404 2645 v.
1437 2605 1585 2646 Gelder
1615 2605 1863 2646 Geschichte
1890 2607 1964 2646 der
1991 2608 2099 2646 alten
2126 2607 2310 2651 Rhodi&

328 2674 365 2710 p.
400 2661 474 2699 110
502 2674 532 2698 s.
561 2659 788 2699 Antiochus
815 2659 933 2699 Soter
959 2667 1098 2699 contra
1128 2667 1167 2699 et
1195 2659 1385 2699 Seleucus
1413 2659 1517 2699 filius
1545 2666 1733 2710 regnique
1761 2674 1928 2700 consors
1957 2661 2051 2699 nihil
2073 2660 2306 2704 habuerunt,

328 2712 463 2763 quoad
504 2718 660 2756 scimus,
701 2727 771 2752 cur
811 2712 947 2752 urbem
987 2713 1144 2752 demum
1173 2713 1374 2752 conditam
1404 2713 1572 2752 Rhodiis
1604 2713 1890 2758 concederent;
1920 2714 2085 2763 (Beloch
2114 2714 2193 2765 1.1.).
2223 2713 2307 2758 Qui

326 2775 458 2806 autem
486 2780 574 2805 curn
603 2765 829 2805 Niebuhrio
857 2766 919 2804 καὶ
949 2772 986 2805 in
1015 2771 1082 2804 τοῦ
1113 2775 1264 2816 mutato
1292 2766 1473 2816 Liviique
1501 2767 1602 2806 libro
1622 2766 1856 2807 XXXVIII.
1881 2767 1936 2809 18,
1954 2768 2005 2806 20
2020 2774 2127 2806 nisus
2142 2767 2241 2806 haec
2255 2767 2307 2806 de

327 2819 534 2859 Antiocho
562 2819 721 2870 Magno
748 2819 855 2859 dicta
882 2819 980 2863 vult,
1010 2820 1080 2859 has
1109 2820 1164 2859 ob
1192 2833 1254 2858 res
1281 2827 1394 2862 errat,
1423 2819 1535 2869 quod
1562 2820 1669 2869 apud
1699 2819 1853 2859 Livium
1882 2820 1931 2858 de
1948 2820 2187 2870 regionibus,
2203 2834 2307 2871 quae

328 2879 403 2911 iam
431 2872 499 2911 diu
528 2880 566 2911 in
595 2872 843 2912 Rhodiorum
872 2879 1128 2923 possessione
1157 2881 1279 2916 etant,
1310 2887 1438 2912 sermo
1466 2881 1536 2914 est,
1567 2887 1640 2911 nec
1669 2872 1895 2912 Antiochus
1915 2873 2105 2924 Magnus,
2122 2873 2306 2924 Philippi.

327 2932 394 2975 qui
436 2934 515 2964 tum
559 2925 847 2965 Stratoniceam
877 2933 914 2965 in
943 2925 1101 2965 dicione
1134 2926 1282 2968 habuit,
1312 2933 1456 2967 socius,
1486 2926 1589 2965 hanc
1618 2926 1753 2964 urbem
1781 2926 1894 2965 dono
1921 2927 2015 2965 dare
2044 2934 2226 2976 poterat:
2255 2925 2304 2966 cf.

328 2979 478 3018 Beloch
514 2978 578 3021 l.l.,
609 2993 647 3018 V.
678 2979 828 3019 Gelder
856 2994 893 3029 p.
929 2980 1000 3018 197
1031 2993 1060 3018 s.
1092 2979 1308 3018 Praeterea·
1329 2980 1628 3026 Στρκτονικεικν
1663 2978 1857 3028 ἶλᾰβομεν
1886 2980 1978 3027 παρ’
2008 2979 2210 3032 Ἀντιόχου
2238 2985 2308 3019 vix

327 3032 404 3071 dici
432 3039 589 3082 poterat
616 3032 666 3071 de
696 3032 803 3075 urbe,
836 3040 871 3071 in
905 3040 1016 3071 cuius
1044 3039 1341 3083 expugnatione
1370 3032 1595 3071 Antiochus
1623 3039 1774 3071 tantum
1802 3033 2011 3071 auxiliatus
2039 3040 2110 3072 est.

2336 1437 2370 1465 15

2335 1792 2370 1819 20
