2430 3632
889 546 1142 594 OLYMP.
1174 550 1270 599 153,
1301 551 1337 593 1.

771 641 798 681 I.
864 641 1023 683 RES
1087 641 1442 683 ITALIAE.

899 731 1328 769 A.Amlunonae.

258 846 348 889 Pol.
376 847 515 891 XXX.
549 849 649 888 1—3
677 847 830 893 B-W.;
860 848 941 889 Hu.
1368 849 1454 889 Liv.
1484 849 1618 893 XLV.
1652 850 1817 893 19-20.
1847 850 1883 890 3.

116 930 212 969 Bne.
246 931 330 968 Ues.
338 938 358 966 ι
410 923 452 974 l
455 921 554 970 Οτι
567 940 687 970 κατα
701 923 782 969 τὸν
794 923 964 985 καιρὸν
976 928 1075 970 τοῦ-
1151 927 1268 972 Inter
1298 928 1454 972 multas
1480 943 1631 984 requm
1653 935 1936 984 gentiumque
1957 938 2000 973 et
2021 944 2103 984 po-
2130 930 2194 973 19.

118 978 360 1074 wadengw
402 1011 484 1040 τον
519 994 642 1057 ἦλθε
669 994 801 1056 παρὰ
834 999 917 1041 τοῦ
943 995 1074 1056 βασι.
1147 999 1347 1053 pulorum
1370 999 1613 1055 leqationes
1628 998 1818 1047 Attalus.
1837 999 1972 1044 frater
1988 1007 2103 1056 regis

401 1064 520 1119 λὲως
573 1065 823 1128 Εὐμένους
870 1065 1075 1129 ἀδελφὸς
1148 1068 1368 1117 Eumenis.
1401 1076 1585 1114 maxime
1615 1077 1834 1115 convertit
1866 1078 1910 1115 in
1936 1087 1984 1115 se
2007 1087 2101 1116 om-

69 1134 344 1192 ΞἌτταλος,
378 1135 504 1200 ἔχων
532 1136 621 1199 μὲν
649 1136 901 1199 πρόφασιν,
930 1138 972 1183 εἰ
994 1138 1075 1183 καὶ
1147 1147 1264 1185 nium
1281 1141 1435 1185 oculos
1454 1148 1726 1197 animosque.
1759 1152 1967 1198 exceptus
1988 1149 2101 1187 enim
2123 1153 2141 1181 2

114 1205 187 1272 μὴ
221 1206 276 1254 τὸ
311 1206 432 1254 κατὰ
469 1205 579 1262 τοὺς
614 1207 831 1262 Γαλάτας
865 1208 1073 1270 ἐγεγόνει
1110 1223 1129 1252 5
1146 1223 1211 1256 est
1252 1213 1310 1256 ab
1351 1219 1415 1259 iis.
1447 1219 1522 1267 qui
1554 1212 1678 1257 simul
1709 1228 1766 1257 eo
1798 1213 1915 1258 bello
1947 1214 2102 1258 milita-

114 1276 382 1342 σύμπτωμα
411 1278 519 1340 περὶ
549 1278 636 1342 τὴν
657 1278 911 1341 βασιλείαν,
941 1280 1074 1342 ὅμως
1145 1293 1316 1330 verant.
1364 1283 1481 1327 haud
1524 1284 1658 1338 paulo
1689 1284 1935 1340 benignius.
1968 1301 2099 1340 quam

115 1348 274 1398 ἐλθεῖν
318 1350 385 1407 εἰς
431 1349 518 1412 τὴν
558 1349 742 1413 Ῥώμην
789 1351 947 1397 ἕνεκεν
988 1355 1072 1398 τοῦ
1144 1361 1179 1398 si
1211 1361 1304 1410 ipse
1330 1370 1404 1399 rex
1429 1353 1646 1399 Eumenes
1667 1361 1872 1399 venisset.
1904 1356 2099 1400 adduxe·
2120 1366 2138 1395 ³

115 1426 413 1485 συγχαρῆναι
446 1425 502 1484 τῇ
533 1421 786 1484 συγκλήτῳ
816 1422 895 1468 καὶ
921 1428 1074 1485 τυχεῖν
1146 1435 1244 1470 rant
1289 1442 1387 1470 eum
1429 1426 1544 1470 duae
1585 1432 1628 1469 in
1669 1433 1858 1480 speciem
1891 1426 2103 1471 honoetae

116 1508 242 1547 τινος
280 1491 592 1556 ἐπισημασίας
627 1492 704 1539 διά
741 1492 794 1539 τὸ
830 1509 1074 1555 συμπεπο-
1147 1513 1229 1544 res.
1272 1513 1358 1541 una
1399 1496 1636 1553 gratulatio
1674 1504 1944 1542 conveniens
1975 1505 2018 1542 in
2050 1514 2103 1543 ea

112 1562 370 1628 λεμηκέναι
397 1563 478 1610 καὶ
501 1563 692 1610 πάντων
714 1564 923 1626 εὐμενῶς
946 1566 1074 1626 σφίσι
1097 1578 1129 1607 ιο
1146 1575 1346 1615 victoria.
1385 1584 1518 1624 quam
1556 1575 1651 1623 ipse
1680 1568 1932 1616 adiuvisset.
1964 1570 2103 1614 altera

73 1647 95 1679 s
117 1634 453 1699 μετεσχηκέναι
482 1638 576 1681 τῶν
606 1633 849 1682 κινδύνων
890 1635 991 1682 τότε
1021 1636 1073 1683 δὲ
1146 1646 1418 1695 querimonia
1450 1637 1607 1684 Gallici
1639 1640 1847 1684 tumultus
1871 1651 2102 1695 acceptae-

118 1704 200 1753 καὶ
246 1704 324 1753 διὰ
371 1705 458 1769 τὴν
505 1706 555 1753 Γ
546 1706 775 1769 αλατικὴν
808 1708 1075 1768 περίστασιν
1147 1726 1234 1766 que
1278 1710 1427 1757 cladis.
1476 1727 1562 1766 qua
1610 1726 1791 1766 regnum
1838 1718 1881 1754 in
1922 1711 2102 1756 dubium

118 1776 481 1842 ἠναγκασμένος
516 1777 633 1840 ἧκεν
667 1778 734 1832 εἰς
769 1776 855 1840 τὴν
880 1777 1072 1841 Ῥώμην.
1145 1782 1381 1826 adductum
1433 1792 1559 1826 esset.
1622 1782 1799 1826 suberat
1846 1792 1889 1827 et
1935 1794 2103 1827 secreta
2124 1795 2140 1822 ⁴

73 1861 94 1892 4
117 1847 309 1896 πάντων
346 1848 399 1896 δὲ
434 1847 739 1911 φιλοφρόνως
774 1848 919 1895 αὐτὸν
954 1850 1074 1895 ἀπο·
1147 1868 1247 1908 spes
1283 1852 1501 1897 honorum
1532 1860 1915 1908 praemiorumque
1945 1854 2004 1899 ab
2035 1870 2103 1899 se-

119 1918 391 1984 δεχομένων
419 1919 496 1966 διά
526 1936 573 1966 τε
597 1918 683 1982 τὴν
705 1919 757 1967 ἐν
781 1925 838 1983 τῇ
862 1921 1076 1982 στρατείᾳ
1100 1935 1131 1963 ¹⁵
1149 1933 1268 1970 natu.
1309 1922 1440 1979 [quae
1472 1931 1544 1968 vix
1576 1924 1699 1968 salva
1731 1931 1895 1979 pietate
1925 1931 1964 1969 ei
1996 1940 2102 1969 con-

119 1989 442 2054 γεγενημένην
480 1990 740 2054 συνήθειαν
783 1991 863 2038 καὶ
905 1991 982 2038 διὰ
1026 1992 1077 2038 τὸ
1151 2001 1320 2050 tingere
1352 1994 1588 2050 poterant]

118 2061 280 2110 δοκεῖν
313 2061 484 2109 εὔνουν
519 2062 679 2116 αὐτοῖς
715 2061 957 2126 ὑπάρχειν,
998 2062 1078 2109 καὶ

119 2131 372 2197 γινομένης
400 2138 485 2196 τῆς
516 2133 824 2218 ἀπαντήσεως
849 2133 969 2195 ὑπὲρ
995 2133 1081 2197 τὴν

116 2203 427 2267 προσδοκῶν·
466 2204 704 2267 μετέωρος
739 2204 951 2268 ἐγενήθη
983 2211 1081 2259 τοῖς

118 2273 307 2332 ἐλπίσιν,
366 2275 457 2323 οὐκ
511 2275 650 2330 εἰδὼς
703 2275 790 2339 τὴν
843 2275 1080 2339 ἀληθινὴν
1098 2290 1133 2318 20

194 2425 206 2455 Ι
253 2417 335 2455 ‘ore
362 2413 469 2453 κατὰ
498 2412 564 2452 τὸν
593 2411 721 2461 καιρὸν
744 2412 898 2466 ninia]
928 2412 1096 2465 Leqatio
1121 2413 1246 2453 Attali
1269 2427 1378 2454 anno
1403 2414 1475 2453 167
1490 2427 1526 2453 a.
1542 2412 1652 2456 Chr..
1668 2419 1691 2453 i.
1707 2427 1741 2454 e.
1758 2412 2014 2465 Olympiadis
2032 2416 2106 2456 153

121 2471 251 2518 βίου
275 2480 398 2511 anno.
426 2475 757 2508 commemoratur
783 2481 808 2507 a
836 2466 964 2508 Livio.
999 2466 1195 2518 Polybius
1209 2475 1340 2507 autem
1354 2480 1444 2507 cum
1460 2467 1588 2507 soleat
1603 2472 1752 2507 initium
1767 2481 1901 2508 novae
1915 2474 1979 2508 cui

404 2526 502 2562 novi
530 2520 617 2560 libri
644 2525 757 2560 initio
785 2534 935 2571 ponere
963 2520 1261 2570 (Wachsmuth.
1291 2518 1522 2571 Einleitunq
1544 2518 1824 2560 i.d.Stud1·um
1839 2521 1879 2560 d.
1895 2522 2003 2561 alten

120 2577 171 2615 se
198 2578 238 2615 ic
263 2580 305 2614 te
331 2588 371 2626 p.
399 2574 492 2625 646)
518 2573 805 2624 exordiumque
832 2580 1024 2624 cuiusque
1051 2573 1138 2614 libri
1165 2587 1308 2624 capere
1335 2587 1385 2614 ex
1400 2573 1518 2613 rebus
1533 2573 1666 2613 ltaliae
1681 2572 1845 2623 (Nissen
1860 2589 1898 2625 p.
1914 2575 1978 2618 66.
1982 2577 1993 2625 )
2009 2575 2105 2615 haec

122 2625 284 2680 leontio.
310 2633 460 2679 quippe
601 2627 653 2667 ad
668 2640 730 2667 res
748 2626 882 2667 ltaliae
897 2633 1102 2678 pertineat.
1118 2633 1230 2667 initio
1244 2633 1341 2667 novi
1361 2627 1446 2667 libri
1463 2627 1714 2667 attribuenda
1727 2635 1799 2667 est.
1829 2627 2106 2679 Fragmentum

121 2731 267 2775 χχιχ
292 2733 521 2775 mabam
539 2679 920 2785 '‘eiffi‘ffinfflss‘
938 2679 1648 2774 ἔξῗὲυὲωὲξἛαέρῗῶῃωχῗχω
1629 2681 2107 2785 Οὲἷὶἒωέἕξὲὲίῗ

179 2796 191 2825 ι
247 2786 403 2828 Inter
448 2786 657 2827 multas
697 2800 732 2826 e.
775 2800 859 2837 q.s.
935 2785 1000 2827 Cf.
1043 2786 1194 2826 Nissen
1236 2787 1374 2837 p..3l
1418 2787 1507 2829 274.
1537 2786 1626 2826 339.
1683 2786 1946 2839 Metzunqp.
1975 2789 2013 2830 6.
2043 2789 2105 2829 30.

123 2837 266 2881 Verbo
290 2848 331 2881 et
357 2848 630 2892 argumentum
672 2839 846 2880 indicant
908 2845 1029 2880 ivium
1056 2854 1107 2880 ex
1136 2839 1240 2891 Poly
1243 2840 1312 2880 bio
1342 2839 1545 2884 hausisse:
1574 2839 1657 2882 sed.
1687 2848 1729 2880 ut
1756 2849 1860 2881 artes
1888 2847 2106 2892 principum

123 2891 396 2935 Romanorum
425 2893 587 2936 velaret.
615 2899 849 2934 sententiam
879 2892 983 2944 Poly
986 2892 1038 2933 bii
1066 2893 1146 2943 dep
1148 2901 1272 2933 ravat.

179 2957 265 2988 ιωο
358 2955 650 2997 uae—pote
666 2945 821 2998 rant]
879 2946 954 2986 His
956 2908 1116 2987 yverbis
1119 2907 1297 2987 pAttalus
1317 2945 1485 2987 Romam
1501 2952 1657 2986 venisse
1674 2946 1878 2990 indicatur.
1895 2956 1935 2987 ut
1952 2947 2106 2988 {ranem

123 3011 250 3052 tenuo
356 3008 439 3041 eret
465 3008 535 3041 aut
561 3008 667 3040 certe
696 3007 846 3050 partem
870 3006 979 3051 requi
993 3006 1216 3050 acciperet:
1231 2999 1340 3050 apud
1354 2998 1567 3049 Polybium
1582 3009 1714 3040 autem
1731 3000 1830 3046 τινὲς
1848 3000 2108 3048 {teo-numu„-

121 3064 248 3094 ουκ
316 3053 438 3094 toelus
465 3059 586 3093 venit.
