2430 3632
331 259 379 295 68
1013 262 1170 291 οιγΜΡ.
1199 255 1279 298 ὶ53,
1303 255 1349 290 2;
1376 261 1450 291 RES
1477 261 1635 292 szlAE.

816 360 902 400 Pol.
932 359 1066 403 XXX,
1096 360 1158 403 25.
1193 361 1207 398 l
1242 359 1407 403 B.-W.;
1437 359 1592 402 XXXI,
1622 360 1657 402 3,
1692 360 1706 397 l
1741 358 1821 398 Hu.

587 447 623 471 a.
667 431 814 471 Athen.
844 431 899 474 V.
934 431 1034 470 1940.
1578 429 1613 469 b.
1657 429 1804 469 Athen.
1834 426 1886 473 X,
1916 430 2024 469 43912.

332 510 463 570 δονίᾳ
507 506 941 569 συντετελεσμένους
966 507 1156 568 ἀγῶνας
1192 504 1286 551 ὑπὸ
1359 504 1502 551 αὐτὸν
1538 505 1588 551 ἐν
1624 509 1679 566 τῇ
1711 503 1968 568 Ἀντιοχείᾳ
2006 505 2196 566 ἀγῶνας

332 579 553 642 Αἰμιλίου
619 576 823 624 Παύλου
897 582 980 623 τοῦ
1049 576 1288 638 Ῥωμαίων

333 654 600 712 στρατηγοῦ
675 648 970 711 βουλόμενος
1030 652 1085 709 τῇ
1141 664 1286 709 μεγα-

332 722 530 783 λουργίᾳ
616 721 849 781 ὑπερᾶραι
933 718 1013 764 τὸν
1086 718 1288 764 Παῦλον

331 793 567 854 ἐξέπεμψε
604 791 823 853 πρέσβεις
860 790 938 836 καὶ
976 787 1195 850 θεωροὺς
1225 791 1288 842 εἰς
1316 804 1333 832 5

332 864 412 917 τὰς
483 863 640 916 πόλεις
706 861 1112 923 καταγγελοῦντας
1178 858 1287 913 τοὺς

332 934 585 997 εσομένους
641 934 831 995 ἀγῶνας
885 931 959 978 ὑπ’
1018 931 1164 977 αὐτοῦ
1212 931 1286 977 ἐπὶ

333 1006 538 1068 Δάφνης,
587 1005 653 1058 ὡς
701 1003 881 1065 πολλὴν
932 1002 1151 1064 γενέσθαι
1195 1007 1287 1048 τῶν
1818 1000 2102 1063 συγκαλέσαι
2137 1000 2315 1054 πάντας

328 1077 572 1139 Ελλήνων
614 1075 830 1137 σπουδὴν
867 1076 930 1127 εἰς
972 1073 1057 1135 τὴν
1101 1073 1166 1127 ὡς
1203 1073 1286 1119 αῦ-
1351 1073 1581 1135 Ἐλληνας
1618 1072 1696 1118 καὶ
1734 1077 1826 1118 τῶν
1862 1071 2169 1134 βουλομένων
2205 1070 2315 1125 τοὺς

332 1149 411 1194 τὸν
448 1149 614 1209 ἄφιξιν.
1311 1159 1343 1186 ιο
1361 1142 1565 1197 πολλοὺς
1602 1144 1676 1189 ἐπὶ
1713 1142 1798 1205 τὴν
1833 1142 1964 1189 θέαν.

1048 1229 1172 1269 Diod.
1203 1229 1357 1272 XXXI,
1393 1229 1449 1270 16,
1485 1230 1498 1267 l
1533 1227 1599 1267 Di.

332 1330 416 1364 Exc.
462 1329 540 1363 Val.
579 1329 659 1365 280,
762 1311 812 1353 16
877 1304 972 1351 Ὁτι
1002 1304 1116 1350 ἔνιαι
1154 1308 1246 1350 τῶν
1275 1303 1511 1365 ἐπιβολῶν
1548 1308 1630 1348 τοῦ
1662 1302 1909 1365 Ἀντιόχου
1946 1302 2025 1348 καὶ
2062 1308 2154 1349 τῶν
2190 1302 2311 1364 πρά-

288 1403 290 1405 ·
331 1376 661 1412 Buettner-W0bst
757 1379 875 1431 ξεων
910 1375 1147 1437 βασιλικαὶ
1179 1375 1258 1421 καὶ
1288 1374 1550 1436 θαυμάσιαι
1582 1373 1746 1426 τελέως
1776 1374 1909 1436 ἦσαν,
1946 1374 2062 1427 τινὲς
2093 1374 2144 1420 δὲ
2175 1373 2314 1420 πάλιν

424 1439 457 1469 ρ’
485 1425 564 1459 282.
760 1448 908 1500 οὕτως
945 1447 1139 1499 εὐτελεῖς
1175 1445 1254 1491 καὶ
1291 1444 1519 1508 ληρώδεις
1550 1444 1666 1490 ὥσθ’
1700 1445 1969 1507 ὁλοσχερῶς
1999 1444 2093 1491 ὑπὸ
2125 1444 2314 1491 πάντων
2372 1504 2375 1507 y

331 1521 741 1583 καταφρονεῖσθαι.
789 1518 1019 1564 συντελῶν
1068 1517 1160 1579 γὰρ
1210 1515 1319 1570 τοὺς
1368 1517 1558 1578 ἀγῶνας
1605 1520 1795 1577 πρῶτον
1845 1515 1931 1577 μὲν
1966 1516 2176 1562 ἐναντίαν
2218 1521 2313 1570 τοῖς

332 1593 487 1646 ἄλλοις
529 1591 794 1654 βασιλεῦσιν
836 1590 943 1652 ἔσχε
986 1589 1269 1649 προαίρεσιν.
1306 1588 1472 1633 ἐκεῖνοι
1512 1587 1604 1649 γάρ
1642 1587 1862 1641 αὔξοντες
1898 1587 1983 1649 τήν
2019 1587 2140 1633 ἰδίαν
2174 1587 2309 1649 βασι·
2331 1602 2364 1630 ¹5

330 1666 454 1711 λείαν
498 1663 576 1709 καὶ
620 1662 842 1723 δυνάμεσι
873 1660 963 1707 ,καὶ
1000 1659 1259 1722 χρημάτων
1294 1658 1508 1721 πλήθεσι,
1552 1658 1681 1704 καθὸ
1720 1659 1811 1705 οἷοί
1846 1657 1877 1703 τ’
1919 1658 2040 1720 ἦσαν
2075 1656 2309 1718 ἐπεκρύπ-
2347 1660 2350 1663 ’

332 1753 463 1782 τοντο
512 1734 596 1797 τὴν
645 1734 865 1793 διαίρεσιν
914 1731 988 1777 διὰ
1033 1731 1118 1792 τὴν
1150 1730 1386 1791 Ῥωμαίων
1424 1729 1676 1792 ὑπεροχήν·
1715 1728 1853 1782 οὗτος
1889 1728 1940 1775 δὲ
1978 1729 2063 1791 τὴν
2099 1729 2309 1775 ἐναντίαν

331 1806 491 1869 λαβὼν
527 1805 737 1851 διάθεσιν
773 1803 1014 1865 συνήγαγε
1050 1801 1221 1864 σχεδὸν
1257 1800 1352 1846 ἀπὸ
1389 1800 1546 1863 πάσης
1576 1807 1659 1862 τῆς
1690 1799 1973 1863 οἰκουμένης
2002 1798 2112 1854 τοὺς
2141 1800 2307 1862 ἐπιφα-

334 1877 575 1930 νεστάτους
623 1876 800 1936 ἄνδρας
840 1875 904 1927 εἰς
941 1873 1024 1935 τὴν
1060 1872 1338 1934 πανήγυριν,
1380 1871 1530 1917 πάντα
1568 1870 1622 1917 τὰ
1660 1876 1743 1917 τοῦ
1779 1871 2018 1932 βασιλείου
2054 1871 2308 1934 μέρηήδια-

330 1949 568 2010 φερόντως
604 1947 878 2008 ἐκόσμησεν,
920 1946 984 1998 εἰς
1021 1945 1101 1990 ἕνα
1134 1944 1184 1989 δὲ
1215 1943 1361 1988 τόπον
1392 1942 1625 2004 ἀθροίσας
1655 1942 1734 1988 καὶ
1766 1942 1989 2003 καθάπερ
2021 1942 2094 1988 ἐπὶ
2125 1941 2309 2005 σκηνὴν
2327 1957 2363 1985 20

330 2019 625 2081 ἀναβιβάσας
661 2017 745 2080 τὴν
780 2016 1019 2079 βασιλείαν
1056 2016 1244 2061 ἅπασαν
1274 2014 1465 2076 ἐποίησε
1495 2013 1645 2076 μηδὲν
1676 2014 1863 2075 ἀγνοεῖν
1893 2017 1985 2059 τῶν
2015 2012 2120 2075 περὶ
2152 2013 2306 2060 αὐτόν.

382 2265 434 2293 3-4
479 2255 638 2301 μεγαλα
641 2250 770 2301 υργίᾳ]
800 2264 870 2299 με’)
872 2253 959 2287 szJ‘
943 2248 1181 2298 εργικιδωρε
1186 2253 1222 2285 ἀι
1245 2253 1284 2286 in

330 2306 420 2346 cod.
468 2305 507 2344 Α
553 2319 602 2344 ex
644 2305 779 2355 glossa
820 2311 962 2344 ortum,
1004 2316 1055 2350 ιιε
1060 2304 1145 2351 γκλ
1148 2301 1281 2352 εδωρίᾳ
1409 2312 1479 2341 9-ιο
1551 2304 1628 2337 τὼν
1682 2297 1931 2348 βουλομένων
1982 2297 2072 2344 τοὺς
2121 2297 2308 2350 πολλοὺς]

330 2359 598 2399 Casaubonus
635 2356 903 2407 (ιιεγαλεδωρε
906 2356 956 2407 ἀ),
995 2355 1065 2394 sed
1095 2352 1282 2404 maynifi-
1355 2360 1508 2401 κρκτεῖν
1540 2351 1779 2401 βουλόμενεν
1808 2357 1875 2390 τοῦ
1905 2352 2096 2390 Παὺλλσν
2125 2351 2309 2394 Hultsch.

331 2418 474 2456 centia
530 2425 611 2451 non
668 2410 884 2449 liberalitas
940 2409 1002 2448 hic
1045 2409 1279 2458 postulatur.
1354 2412 1431 2444 τὼν
1473 2409 1633 2444 πολλῶν
1674 2404 1764 2450 τοὺς
1804 2404 2065 2454 βενλσμένονς
2107 2404 2309 2445 Meineke.

387 2655 418 2683 19
471 2641 669 2690 βκσιλεὶσν
699 2640 926 2681 Salmasius,
956 2637 1176 2686 βασιλέωσ.

402 2896 419 2924 8
474 2882 650 2933 Δάφνης]
696 2881 870 2932 Daphne
899 2894 1025 2931 prope
1056 2877 1313 2919 Antiochiam
1343 2883 1417 2918 sita
1446 2886 1505 2918 est
1537 2877 1643 2929 (vide
1672 2883 1781 2919 iuxta
1811 2891 1969 2919 versum
2003 2878 2068 2930 lb)

387 2949 466 2976 11-21
515 2935 813 2986 ‘Orc—amu]
870 2934 973 2974 Cum
1016 2934 1288 2984 fragmentum
1330 2932 1441 2981 quod
1483 2938 1657 2982 sequitur
1698 2931 1810 2982 (Exe
1854 2932 1949 2972 Val
1984 2933 2073 2976 281
2102 2930 2313 2972 Buettner-

331 2990 490 3029 Wobst
516 3004 554 3039 p
586 2990 661 3028 282
691 2989 735 3038 s)
764 3003 813 3027 ex
842 2993 1089 3027 enarratione
1119 2985 1300 3025 ludorum
1330 2987 1580 3035 desumptum
1619 2991 1680 3028 sit,
1696 2986 1798 3025 hanc
1813 2999 1949 3025 eorum
1965 2986 2308 3036 reprehensionem

332 3049 593 3082 narrationem
623 3048 747 3091 ipsam
776 3047 1038 3092 praecessisse
1066 3047 1243 3090 apparet.
