2430 3632
440 267 487 303 98
1230 274 1502 304 Appssnmces.

440 395 544 442 post
587 385 696 432 dies,
744 402 897 442 quarn?
926 386 1038 429 haec
1081 391 1217 429 (sunt)
1261 394 1373 434 acta,
1423 387 1558 442 leyati
1602 387 1662 431 ab
1710 385 1871 443 Cotye,
1909 403 2013 443 teye
2047 385 2282 435 Thracum,

442 466 655 502 venerunt
682 461 912 513 pecuniam
945 456 1007 500 ad
1037 456 1339 501 redimendum
1371 457 1506 513 filium
1538 458 1739 514 aliosque
1769 457 1950 502 obsides
1979 457 2282 514 adportantes.
2301 464 2320 492 5

404 546 420 572 7
440 533 504 572 eis
546 533 588 572 in
631 537 832 572 senatum
866 527 1124 572 introductis
1155 536 1200 572 et
1229 528 1277 572 id
1306 533 1448 584 ipsum
1480 533 1732 585 ar9umenti
1759 529 2152 585 praetendentibus
2182 546 2284 574 ora·-

441 604 560 648 tioni,
595 616 685 644 non
716 616 798 643 sua
832 600 1054 643 voluntate
1087 597 1240 656 Cotyn
1274 599 1388 643 bello
1420 604 1581 644 iuvisse
1611 599 1791 648 Persea,
1825 599 1950 656 quod
1977 600 2158 645 obsides
2176 599 2285 645 dare

440 680 618 715 coactus
663 679 793 718 esset.
842 670 1175 726 orantibusque,
1225 679 1272 714 ut
1316 687 1394 715 eos
1439 675 1594 727 pretio,
1642 679 1858 727 quantum
1900 675 1984 727 ipsi
2027 676 2287 716 statuissent

404 759 421 786 s
438 751 600 798 patres,
635 741 790 786 redimi
818 750 1085 797 paterentur,
1120 757 1381 798 responsum
1412 758 1474 786 ex
1501 746 1759 786 auctoritate
1780 751 1963 786 senatus
1978 750 2058 789 est,
2074 743 2283 798 populum

439 813 691 862 Romanum
739 816 990 856 meminisse
1034 816 1263 860 amicitiae,
1302 830 1418 869 quae
1449 829 1546 857 cum
1581 811 1729 870 Cotye
1760 813 2087 870 maioribusque
2117 818 2211 858 eius
2240 822 2286 858 et
2305 819 2338 848 ¹⁰

403 901 420 929 9
438 894 571 942 gente
607 883 827 928 Thracum
858 883 1027 940 fuisset.
1076 883 1257 928 obsides
1287 884 1420 928 datos
1451 888 1628 931 crimen.
1652 900 1742 927 non
1765 888 1958 928 crimmis
1980 884 2282 940 defensionem

439 973 550 1004 esse,
597 972 695 1000 cum
747 954 966 999 Thracum
1013 959 1138 1011 yenti
1183 972 1239 999 ne
1284 960 1458 1012 quietus
1505 954 1684 1012 quidem
1730 954 1936 1003 Perseus,
1975 954 2137 1000 nedum
2171 955 2284 999 bello

389 1044 420 1072 ιο
438 1026 646 1076 Romano
677 1035 917 1083 occupatus
948 1026 1169 1070 timendus
1199 1027 1342 1083 fuerit.
1390 1035 1593 1075 ceterum,
1626 1031 1710 1071 etsi
1741 1025 1887 1083 Cotys
1917 1025 2072 1071 Persei
2093 1031 2283 1083 qratiam

438 1099 718 1155 praetulisset
746 1102 963 1142 amicitiae
993 1098 1147 1154 populi
1176 1097 1382 1147 Romani,
1417 1102 1574 1154 mayis,
1606 1097 1718 1154 quid
1735 1114 1785 1142 se
1800 1097 1984 1154 dignum
2002 1106 2131 1146 esset,
2149 1114 2282 1155 quam

438 1170 550 1227 quid
593 1173 746 1214 merito
791 1173 887 1213 eius
930 1169 1027 1224 {ieri
1069 1178 1235 1225 posset,
1283 1174 1629 1217 aestimaturum,
1677 1169 1812 1225 filium
1859 1177 1993 1225 atque
2030 1168 2214 1213 obsides
2243 1173 2285 1213 ei
2305 1176 2337 1204 15

388 1259 414 1285 11
439 1245 733 1285 remissurum.
789 1240 999 1295 beneficia
1050 1244 1244 1296 gratuita
1292 1257 1392 1284 esse
1436 1240 1589 1297 populi
1633 1239 1856 1288 Romani;
1900 1244 2087 1296 pretium
2131 1256 2283 1284 eorum

438 1312 567 1357 malle
614 1312 857 1368 relinquere
903 1315 946 1355 in
978 1315 1280 1367 accipientium
1312 1316 1472 1356 animis
1502 1327 1637 1368 quam
1667 1327 1882 1367 praesens
1912 1315 2103 1367 exi9ere.
2151 1311 2286 1367 le9ati

438 1393 526 1428 tres
558 1387 785 1430 nominati,
823 1382 873 1426 T.
909 1381 1147 1430 Quinctius
1177 1381 1469 1431 Flamininus,
1494 1381 1550 1426 C.
1568 1382 1762 1426 Licinius
1782 1381 1952 1429 Nerva,
1970 1381 2042 1426 M.
2063 1380 2284 1426 Caninius

437 1454 634 1504 Rebilus,
667 1458 744 1511 qui
773 1453 954 1498 obsides
985 1458 1028 1498 in
1066 1453 1300 1498 Thraciam
1333 1453 1592 1498 reducerent
1600 1473 1614 1501 ‚·
1646 1462 1691 1497 et
1709 1452 1956 1497 Thracibus
1973 1469 2155 1498 munera
2175 1452 2282 1497 data

388 1543 419 1571 12
438 1531 481 1570 in
513 1526 714 1582 sin9ulos
747 1525 896 1569 binum
929 1525 1093 1569 milium
1114 1529 1243 1569 aeris.
1287 1524 1450 1581 Bithys
1477 1541 1575 1569 cum
1591 1529 1747 1568 ceteris
1763 1524 1994 1568 obsidibus
2009 1541 2037 1568 a
2055 1522 2284 1568 Carseolis
2301 1531 2337 1560 20
2377 1515 2379 1518 ¹

437 1601 674 1641 accersitus
705 1596 768 1640 ad
794 1605 964 1652 patrem
996 1612 1093 1641 cum
1127 1596 1284 1652 le9atis
1315 1600 1486 1641 missus.
1535 1612 1672 1640 naves
1702 1600 1850 1652 regiae
1867 1605 2023 1652 captae
2043 1595 2102 1639 de
2120 1594 2282 1640 Mace-

437 1668 630 1712 donibus
661 1672 909 1712 invisitatae
939 1675 1043 1711 ante
1070 1667 1388 1723 magnitudinis
1424 1672 1468 1711 in
1505 1683 1662 1723 campo
1698 1666 1873 1711 Martio
1900 1666 2146 1711 subductae
2164 1675 2280 1711 sunt.

498 1739 624 1784 Haec
665 1755 718 1783 ex
751 1739 942 1794 Polybio
972 1754 1063 1783 non
1095 1738 1327 1786 fluxerunt.
1359 1754 1457 1782 cum
1489 1738 1573 1782 alia
1605 1748 1648 1782 et
1680 1738 1817 1783 multo
1849 1738 1988 1793 plura.
2021 1754 2153 1794 quam
2185 1737 2280 1783 Pol.

437 1811 567 1858 XXX,
605 1811 656 1854 17
685 1810 867 1857 B.-W.;
901 1811 951 1854 18
986 1809 1091 1857 Hu„
1124 1812 1322 1853 tradant:
1355 1825 1517 1853 nomen
1547 1809 1624 1852 filii
1658 1808 1816 1864 Cotyis
1838 1816 2018 1865 eiusque
2033 1815 2281 1853 missionem

438 1888 480 1925 in
525 1881 768 1926 custodiam
815 1897 912 1925 cum
959 1887 1138 1925 nomine
1166 1880 1266 1928 loci,
1298 1896 1524 1924 numerum
1557 1889 1600 1925 et
1631 1887 1810 1924 nomina
1841 1880 2085 1936 legatorum
2118 1879 2282 1924 Roma-

437 1969 606 2000 norum,
639 1952 816 1997 obsides
846 1968 944 1997 cum
976 1952 1069 1996 filio
1100 1957 1214 2007 regis
1248 1951 1465 1996 reductos.

649 2094 807 2139 Verba
859 2094 1022 2142 Livii,
1081 2101 1154 2150 qui
1211 2094 1350 2142 XLV,
1405 2096 1475 2141 44,
1528 2095 1640 2138 1-3
1686 2101 1964 2149 magistratus
2010 2092 2282 2138 sacerdotes-

438 2141 573 2186 ΧΧΠ·
649 2182 735 2221 que
782 2165 951 2210 Romae
1000 2176 1173 2210 creatos
1222 2174 1460 2212 enumerat,
1508 2152 1745 2209 Annalium
1786 2171 2043 2220 scriptorem
2089 2164 2282 2209 indicant

437 2237 616 2285 fontem,
650 2237 705 2281 cf.
738 2237 903 2281 Nissen
934 2254 976 2292 p.
1011 2238 1068 2281 86
1099 2253 1169 2284 ss„
1205 2238 1304 2281 279.

650 2373 763 2417 Liv.
812 2372 951 2421 XLV,
999 2374 1069 2421 44,
1108 2374 1266 2417 4—19.
1329 2371 1399 2417 Eo
1430 2389 1552 2417 anno
1584 2388 1665 2416 rex
1692 2371 1852 2416 Prusia
1883 2371 2073 2420 Romam
2106 2375 2278 2416 venit·-

437 2420 591 2464 Xxm·
651 2445 761 2488 haec
790 2444 846 2488 de
876 2443 1035 2488 Prusia
1069 2449 1209 2488 nostri
1238 2448 1484 2500 scriptores.

497 2515 563 2559 Ut
593 2531 646 2559 ex
677 2516 825 2559 verbis
856 2522 1058 2560 extremis
1087 2524 1287 2571 apparet,
1320 2515 1429 2559 haec
1460 2521 1607 2559 omnia
1638 2530 1691 2558 ex
1724 2513 1914 2569 Polybio
1941 2529 2031 2557 non
2047 2513 2278 2558 fluxerunt.

436 2702 582 2748 XXIV
656 2662 795 2718 App.
827 2662 989 2707 Mithr.
1023 2665 1063 2706 2.
1132 2658 1362 2721 Περσέως
1406 2658 1450 2705 δ’
1496 2658 1703 2714 ἁλόντος,
1752 2657 1991 2720 ἀπήντησε
2033 2663 2128 2711 τοῖς
2175 2656 2279 2703 Ρω-

375 2750 378 2753 ·
585 2736 596 2746 ”
658 2730 811 2791 μαίων
847 2735 1127 2793 στρατηγοῖς
1160 2733 1378 2789 (Prusias),
1420 2729 1526 2792 εἶμά
1564 2746 1611 2775 τε
1644 2728 1901 2791 Ῥωμαϊκὸν
1932 2728 2274 2791 ἀμπεχόμενος,

438 2801 464 2845 ὃ
503 2800 699 2846 καλοῦσι
747 2801 986 2863 τήβεννον,
1047 2801 1126 2847 καὶ
1175 2801 1459 2863 ὑποδήματα
1509 2801 1633 2862 ἔχων
1674 2799 1886 2855 Ἰταλικά,
1928 2799 2014 2862 τὴν
2067 2797 2280 2861 κεφαλὴν

437 2871 739 2934 ἐξυρημένος,
795 2871 876 2918 καὶ
923 2872 1060 2918 πῖλον
1107 2873 1397 2934 ἐπικείμενος
1450 2868 1514 2937 (ᾧ
1562 2871 1724 2933 τρόπῳ
1778 2870 1895 2924 τινὲς
1948 2871 2139 2932 προΐασι
2186 2874 2280 2916 τῶν

437 2942 487 2988 ἐν
524 2942 779 3005 διαθήκαις
815 2939 1270 3008 ἐλευθερωθέντων),
1313 2942 1509 3005 αἰσχρὸς
1551 2942 1618 2988 ὢν
1661 2942 1739 2988 καὶ
1776 2941 1918 2988 τᾶλλα
1956 2941 2169 3004 ὀφθῆναι
2199 2939 2279 2986 καὶ
2295 2957 2314 2986 5

436 3011 633 3074 βραχύς.
670 3013 877 3075 ἐντυχὼν
914 3013 958 3059 δ’
999 3014 1157 3068 αὐτοῖς
1193 3014 1285 3076 ἔφη
1320 3013 1558 3075 Ῥωμαϊστὶ
1595 3022 1660 3074 τῷ
1697 3013 1881 3075 ῥήματι·
1914 3012 2152 3074 Ῥωμαίων
2187 3010 2278 3073 εἰμὶ
