2430 3632
1107 497 1360 544 OLYMP.
1391 501 1487 550 153,
1519 502 1563 544 4.

978 591 1005 631 1.
1090 591 1248 632 RES
1331 592 1688 653 ITALiAE.

887 681 933 716 A.
983 682 1216 726 Legationes
1253 682 1416 718 Prusiae
1453 689 1492 718 et
1530 684 1776 720 Asianorum.

348 778 361 855 j
382 798 468 838 1³01.
499 798 628 842 xxx,
658 799 709 838 30
738 798 903 843 ΒΑΜ,
933 798 1088 843 ΧΧΧι,
1117 800 1142 838 6
1171 799 1252 839 Hu.
1586 800 1691 840 <Lm
1722 800 1916 841 Periocha
1943 801 2093 842 XLVI.

342 894 428 929 Exc.
476 894 587 930 Ursa·
662 878 719 920 30
751 876 934 931 (XXXL
969 877 1010 931 6)
1082 871 1181 919 (Ότι
1235 876 1300 928 εἰς

318 940 398 998 ,90)
423 942 590 1024 (1363ξοοΐ
662 943 746 1006 τὴν
796 943 978 1007 Ῥώμην
1025 962 1298 1007 παραγεγο-

326 1008 329 1010 ’
371 1003 406 1033 ρ’
527 1003 555 1024 δ’
660 1015 810 1061 νότων
828 1015 1132 1077 πρεσβευτῶν
1149 1016 1300 1062 πλειό-

341 1105 436 1133 νων
484 1087 562 1133 καὶ
605 1086 787 1148 ἑτέρων,
835 1086 1211 1149 ἐπιφανεστάτων
1248 1087 1299 1133 δὲ

340 1157 470 1219 παρὰ
514 1157 600 1220 μὲν
639 1158 826 1203 Ῥοδίων
867 1162 960 1204 τῶν
996 1158 1103 1219 περὶ
1134 1157 1298 1204 Ἆστυ-
1327 1173 1344 1201 5

340 1230 511 1292 μήὸην,
559 1228 689 1290 παρὰ
734 1228 785 1274 δὲ
829 1233 921 1274 τῶν
958 1228 1165 1291 Ἀχαιῶν
1207 1234 1300 1275 τῶν

340 1300 445 1361 περὶ
495 1299 686 1361 Εὐρέαν
735 1300 814 1346 καὶ
858 1299 1176 1362 Ἀναξίδαμον
1219 1300 1299 1346 καὶ

309 1362 576 1433 ”Σάτυρον,
628 1370 758 1432 παρὰ
809 1371 860 1417 δὲ
909 1371 1163 1432 Προυσίου
1207 1376 1300 1418 τῶν

341 1443 447 1504 περὶ
490 1441 725 1498 Πύθωνα,
774 1441 954 1495 τούτοις
974 1438 1301 1505 ’ἐχρημάτισεν

308 1528 324 1556 2
344 1514 374 1576 ἦ
435 1512 710 1576 σύγκλητος.
773 1514 844 1562 οἱ,
876 1512 963 1575 μὲν
1024 1512 1110 1559 οὗν
1169 1513 1299 1574 παρὰ
1324 1528 1355 1556 ιο
1819 1513 1951 1568 legati
1994 1512 2174 1558 Prusiae
2209 1521 2324 1570 regis

340 1590 422 1631 τοῦ
458 1585 709 1646 Προυσίου
746 1585 1039 1647 κατηγορίαν
1069 1584 1294 1631 ἑποιοῦντ’
1371 1590 1512 1639 questi
1544 1594 1643 1628 sunt
1674 1584 1730 1628 de
1763 1583 1971 1632 Eumene,

342 1656 589 1719 Εὐμένους
631 1661 714 1702 τοῦ
751 1655 993 1717 βασιλέως,
1037 1655 1299 1717 φάσκοντες

409 1820 461 1848 5-6
517 1807 770 1856 Ἀστυμὴδην
801 1806 983 1849 Ursinus,
1013 1805 1235 1855 ἁστομίδην

396 1874 423 1900 ιι
482 1859 666 1899 {mco->uf
697 1859 895 1902 Benseler,
927 1858 1133 1898 ἐποιοῦντο.

413 2058 421 2084 ι
472 2045 568 2084 “Orc
596 2044 722 2095 e.q.s.]
781 2043 989 2093 Excerptis
1020 2043 1087 2082 Ug·
1116 2043 1179 2082 90.
1209 2043 1273 2086 91,
1302 2042 1353 2082 de
1382 2042 1492 2082 Boor
1507 2057 1545 2093 p.
1568 2043 1790 2087 333—337,
1806 2049 2032 2084 narratione
2046 2044 2099 2084 ad
2113 2058 2174 2084 res
2190 2043 2325 2084 Italiae

338 2098 527 2138 redeunte
555 2104 631 2137 iam
659 2111 786 2136 annus
814 2103 950 2136 tertius
979 2096 1234 2146 Olympiadis
1267 2097 1340 2136 153
1368 2095 1577 2135 absolutus
1605 2104 1677 2139 est,
1706 2110 1899 2147 novoque
1927 2111 2036 2138 anno
2064 2105 2207 2148 quarto
2225 2098 2324 2137 haec

340 2152 556 2202 fragmenta
597 2150 847 2190 attribuenda
888 2158 990 2189 sunt.
1049 2149 1139 2189 Nec
1180 2157 1312 2189 tamen
1353 2164 1390 2188 n.
1426 2150 1489 2192 92,
1518 2149 1569 2188 de
1597 2149 1708 2189 Boor
1735 2165 1774 2200 p,
1805 2151 1894 2194 337,
1923 2165 2161 2201 quamquam
2190 2151 2323 2191 itidem

338 2211 420 2256 aqit
446 2205 497 2244 de
525 2204 642 2244 rebus
670 2203 817 2247 Italiae,
845 2203 898 2242 ad
925 2203 1094 2242 eundem
1123 2202 1228 2242 hunc
1256 2217 1402 2242 annum
1430 2202 1572 2242 referre
1600 2202 1702 2242 licet.
1758 2202 1943 2243 Tiberius
1971 2210 2086 2247 enim,
2115 2210 2183 2254 qui
2201 2203 2322 2244 Cam-

339 2272 479 2298 manos
507 2257 664 2308 subegit
691 2257 755 2296 Ti.
785 2256 1044 2307 Sempronius
1073 2255 1281 2296 Gracchus
1309 2264 1380 2299 est.
1410 2263 1522 2306 pater
1549 2256 1693 2295 tribuni
1722 2256 1862 2306 plebis.
1891 2263 1959 2307 qui
1987 2258 2129 2297 consul
2157 2264 2323 2308 primum

338 2326 446 2351 anno
492 2312 564 2350 177
593 2325 628 2350 a.
657 2310 751 2350 Chr.
781 2325 819 2349 n.
849 2318 942 2360 post
970 2309 1124 2360 legatus
1153 2316 1305 2352 missus.
1335 2317 1377 2348 ut
1405 2323 1467 2348 res
1496 2308 1617 2348 Asiae
1646 2315 1856 2359 inspiceret
1883 2310 2016 2361 (supra
2044 2325 2083 2361 p.
2114 2311 2190 2362 74).
2214 2324 2322 2351 anno

344 2366 416 2404 163
461 2379 496 2404 a.
540 2364 634 2404 Chr.
672 2378 710 2403 n.
740 2370 877 2403 iterum
905 2363 1047 2403 consul
1075 2362 1203 2402 factus
1232 2363 1395 2413 Ligures
1423 2361 1561 2402 habuit
1587 2368 1834 2412 provinciam
1863 2363 1925 2413 (cf.
1956 2364 2042 2403 Liv,
2070 2378 2154 2414 pet.
2184 2363 2321 2404 XLVI

338 2434 377 2457 v.
425 2418 496 2469 15).
553 2417 760 2457 Cammani
802 2417 928 2456 eidem
961 2424 1064 2459 sunt,
1093 2422 1160 2466 qui
1191 2418 1398 2463 Κεμμαυσί
1425 2415 1491 2454 vel
1521 2417 1694 2464 Κομαυοὶ
1719 2416 1886 2455 audiunt
1913 2417 2022 2466 apud
2050 2417 2322 2457 Ptolemaeum

339 2472 383 2514 ΙΙ,
431 2473 489 2514 10,
534 2471 568 2514 5.
610 2469 783 2510 Comani
810 2470 918 2520 apud
947 2469 1115 2509 Plinium
1144 2469 1205 2512 ΙΙΙ,
1235 2470 1299 2512 36,
1328 2469 1586 2518 habitantque
1614 2474 1714 2508 inter
1742 2468 1963 2509 Massiliam
1992 2478 2032 2510 et
2058 2469 2254 2510 Nicaeam
2282 2477 2322 2510 in

340 2539 408 2564 ore
463 2524 685 2575 Ligustica2
741 2523 790 2563 cf.
848 2523 1044 2573 Metzunq
1098 2538 1135 2573 p.
1198 2524 1256 2562 11.
1313 2521 1432 2571 Igitur
1478 2536 1502 2561 a
1544 2522 1766 2572 fragmento
1809 2522 1877 2562 ΠΕ·
1919 2523 1969 2562 92
2012 2537 2145 2563 novus
2186 2529 2322 2574 incipit

339 2592 478 2621 annus,
507 2583 574 2628 qui
602 2583 749 2628 primus
777 2584 837 2616 est
864 2590 997 2615 novae
1026 2575 1281 2626 Olympiadis
1314 2575 1399 2617 154.
1428 2575 1708 2625 exorditurque
1723 2589 1774 2614 ex
1792 2589 1901 2616 more
1917 2576 2158 2627 Polybiane,
2173 2577 2224 2616 de
2238 2591 2322 2627 quo

338 2646 458 2682 supra
498 2631 645 2670 dictum
685 2638 745 2670 est
787 2631 838 2680 (p.
887 2630 932 2680 1),
975 2643 1108 2669 novus
1148 2629 1258 2672 liber,
1295 2634 1356 2668 i.e.
1395 2627 1493 2668 liber
1519 2627 1673 2668 XXXI.
1730 2628 1920 2672 Quocum
1949 2636 2098 2680 optime
2126 2636 2320 2681 congruit.

339 2684 450 2734 quod
491 2684 639 2734 legatio
680 2683 729 2723 C,
764 2682 928 2733 Sulpicii
970 2682 1090 2733 (Gali)
1119 2682 1169 2721 de
1198 2696 1277 2732 qua
1305 2682 1408 2721 idem
1436 2682 1515 2721 hoc
1543 2681 1803 2732 fragmentum
1831 2696 1868 2721 n.
1898 2683 1950 2722 92
1978 2691 2072 2733 post
2098 2689 2191 2733 agit,
2221 2690 2321 2723 teste

340 2738 544 2787 Excerpto
586 2736 809 2776 Valesiano
856 2737 941 2779 102,
983 2736 1098 2775 Roos
1139 2750 1178 2786 p.
1228 2735 1298 2775 185
1341 2749 1390 2774 ex
1419 2734 1520 2774 libro
1548 2734 1686 2774 XXXI
1715 2743 1775 2774 est
1802 2735 2051 2786 desumptum
2081 2736 2144 2786 (cf.
2174 2751 2213 2787 p.
2243 2736 2319 2787 77).

340 2791 525 2831 Ceterum
567 2805 617 2829 ne
659 2804 858 2829 sumamus
901 2788 1101 2839 Excerpta
1143 2802 1305 2838 quoque
1347 2788 1417 2827 ΗΕ·
1444 2788 1496 2827 90
1524 2796 1563 2826 et
1591 2789 1636 2826 91
1670 2802 1778 2828 anno
1806 2795 1933 2839 primo
1962 2788 2216 2840 Olympiadis
2247 2789 2320 2830 154

340 2845 519 2895 libroque
548 2843 690 2882 XXXI
721 2843 880 2893 Polybii
907 2842 1066 2881 attribui
1094 2842 1252 2885 debere,
1280 2841 1360 2881 hoc
1388 2840 1548 2880 obstare
1577 2841 1744 2884 videtur,
1773 2842 1884 2891 quod
1908 2842 2056 2893 legatio
2071 2842 2320 2882 Rhodiorum

339 2903 589 2946 societasque
617 2911 706 2936 cum
735 2902 791 2935 eis
819 2902 964 2938 iuncta.
993 2895 1043 2934 de
1071 2909 1151 2945 qua
1178 2901 1303 2934 maior
1331 2908 1421 2945 pars
1450 2893 1548 2933 EXC.
1580 2894 1649 2933 Ug·
1677 2895 1728 2934 90
1756 2901 1850 2945 agit.
1879 2902 1978 2935 teste
2007 2895 2196 2946 periocha
2218 2895 2320 2935 Livii

340 2949 476 2990 XLVI
517 2964 625 2989 anno
671 2950 744 2989 164
786 2964 820 2988 a.
865 2949 959 2989 Chr.
1003 2963 1049 2988 n„
1084 2947 1291 2987 tribuenda
1333 2954 1404 2990 est,
1446 2957 1535 2987 'curn
1571 2953 1609 2986 in
1638 2961 1686 2987 ea
1712 2956 1900 2997 sequatur
1927 2954 2076 2988 mentio
2103 2948 2213 2988 lustri
2240 2948 2319 2988 hoc

339 3017 446 3043 anno
475 3003 636 3043 conditi.
