2430 3632
250 382 378 430 Dnod.
405 383 732 429 xxxl.11m

170 813 553 880 τελευτησάντων,
601 815 682 862 καὶ
724 820 810 863 τοῦ

170 885 334 951 δήμου
396 886 575 942 παντὸς
647 886 809 949 διαφε-

169 956 353 1021 ρόντως
445 957 808 1021 συναλγοῦντος,

878 286 917 317 C.
966 285 1098 317 unam
1126 287 1283 318 ΑΕΜΙιΙΙ
1310 287 1445 319 ΡΑυιΙ.

868 383 972 425 plut.
995 383 1112 425 Aem.
1138 383 1252 425 Paul.
1276 399 1311 426 c.
1333 386 1504 427 35-36.

866 458 1177 522 θριαμβεύειν
1229 460 1311 507 τὸν
1364 460 1505 524 Αἰμί-

866 530 967 577 λιον
1025 529 1290 594 ἐτελεύτησε
1343 548 1505 580 τεσσα-

866 601 1236 665 ρεσκαιδεκέτης,
1271 602 1300 649 ὁ
1330 602 1383 650 δὲ
1412 603 1506 650 δω-

865 671 1058 736 δεκέτης
1106 672 1222 735 μετὰ
1282 679 1404 735 τρεῖς
1450 674 1507 738 ἡ·

828 758 848 787 ⁵
864 742 1015 806 μέθας
1096 743 1509 806 θριαμβεύσαντος
1524 760 1543 790 ⁵

863 813 1175 870 ἐπαπέθανεν,
1240 816 1359 863 ὥστε
1411 834 1504 882 μη·

864 885 975 932 ὃένα
994 885 1235 947 ’γενέσθω
1266 886 1506 949 Ῥωμαίων

863 960 949 1003 τοῦ
983 956 1178 1011 πάθους
1219 957 1500 1022 ἀνάλγητον,

863 1026 981 1074 ἀλλά
1029 1029 1191 1090 φρῖξαι
1239 1028 1326 1092 τὴν
1374 1029 1503 1092 ὠμό-

822 1114 976 1162 ιοτητα
1001 1105 1086 1162 τῆς
1109 1098 1256 1163 τύχης
1277 1101 1499 1157 ἅπαντας,
1516 1116 1551 1145 ιο

864 1169 932 1224 ὡς
967 1170 1058 1217 οὐκ
1092 1170 1296 1233 ᾐδέσατο
1325 1171 1506 1227 πένθος

863 1245 1090 1288 τοσοῦτον
1111 1243 1177 1296 εἰς
1194 1238 1333 1308 [τὴν]
1352 1244 1506 1290 οἰκίαν

864 1311 1015 1375 ζήλου
1045 1312 1125 1360 καὶ
1142 1318 1298 1376 χαρᾶς
1315 1314 1395 1360 καὶ
1414 1314 1503 1361 θυ-

863 1388 978 1430 σιῶν
997 1383 1238 1447 γέμουσαν
1249 1384 1503 1447 εἰσάγουσα

822 1454 943 1501 ιῡκαὶ
974 1453 1358 1518 καταμιγνύουσα
1381 1456 1551 1520 θρή-ι5

863 1542 977 1580 νους
1006 1526 1086 1573 καὶ
1110 1526 1298 1588 δάκρυα
1316 1533 1508 1574 παιᾶσιν

862 1597 1102 1652 ἐπινικίοις
1131 1597 1211 1644 καὶ
1235 1597 1505 1661 θριάμβοις,

865 1667 950 1720 36.
1029 1667 1103 1716 Οὐ
1162 1668 1261 1732 μὴν
1318 1669 1419 1716 ἀλλ’
1476 1670 1504 1717 ὁ

864 1739 1084 1802 Αἰμίλιος
1118 1739 1285 1801 ὀρθῶς
1318 1740 1504 1803 λογιζό-

818 1827 856 1856 20
863 1828 1007 1874 μενος
1031 1811 1251 1873 ἀνδρείας
1275 1811 1354 1858 καὶ
1381 1812 1550 1873 θαρ-το

865 1881 1149 1945 ραλεότητος
1225 1882 1504 1944 ἀνθρώποις

866 1953 925 2000 οὐ
967 1952 1091 2014 πρὸς
1131 1953 1254 2000 ὅπλα
1299 1954 1378 2000 καὶ
1420 1971 1504 2000 σα-

865 2025 1001 2086 ρι’σας
1047 2030 1218 2087 χρῆσιν
1259 2024 1374 2071 εἶναι
1416 2026 1504 2087 μό-

866 2113 960 2151 νον,
1014 2095 1131 2142 ἀλλά
1179 2095 1303 2157 πρὸς
1347 2101 1506 2143 πᾶσαν

819 2166 1059 2229 πόμαλῶς
1107 2165 1253 2230 τύχης
1295 2167 1549 2214 ‹inlota-z

864 2254 949 2293 σιν,
979 2238 1131 2292 οὕτως
1155 2238 1400 2300 ἡρμόσατο
1424 2238 1503 2285 καὶ

865 2309 1193 2372 κατεκόσμησε
1263 2308 1347 2372 τὴν
1412 2313 1505 2356 τῶν

865 2380 1116 2442 παρόντων
1225 2378 1497 2442 σύγκρασιν,

866 2451 985 2497 ὥστε
1040 2457 1135 2505 τοῖς
1188 2450 1394 2513 ἀγαθοῖς
1447 2451 1501 2498 td

819 2521 1024 2584 ωφαῦλα
1092 2521 1171 2568 καὶ
1238 2521 1292 2568 τά
1354 2524 1548 2569 οἰκεῖαειο

866 2599 961 2647 τοῖς
988 2593 1280 2656 δημοσίοις’
1257 2610 1503 2655 εναφανισ·

867 2664 1009 2711 θέντα
1041 2663 1109 2726 μὴ
1142 2668 1419 2710 ταπεινῶσαι
1451 2664 1503 2710 τὸ

923 2832 955 2862 12
993 2818 1097 2872 [τὴν]
1126 2818 1204 2859 del.
1236 2818 1392 2860 Reiske.

2114 284 2155 320 51

1559 386 1646 427 Liv.
1675 385 1809 430 XLV.
1838 387 1902 431 40.
1930 387 2076 431 6-42.
2109 389 2142 429 1.

1558 459 1697 505 ferme
1710 476 1853 505 annos
1868 470 2010 509 natus.
2031 467 2160 516 quin-

1559 547 1647 587 que
1681 531 1837 577 diebus
1871 541 1976 577 ante
2007 538 2157 576 trium-

1559 603 1708 658 phum.
1745 609 1898 650 maior.
1929 612 2159 658 quattuor-

1558 674 1699 719 decim
1739 689 1969 722 annorum.
2013 674 2159 719 triduo

1562 755 1663 799 post
1702 745 1967 801 triumphum
2007 745 2158 790 deca-

1559 822 1641 863 sit:
1745 813 1875 872 [quos
1955 826 2157 872 praetex-
2176 816 2196 857 d

1559 896 1677 931 tatos
1725 902 1855 932 curru
1906 887 2008 932 vehi
2058 904 2157 933 cum

1558 968 1698 1014 patre.
1738 959 1821 1004 sibi
1862 965 1982 1015 ipsos
2011 959 2158 1004 similis

1557 1029 1815 1075 doetinantis
1900 1030 2157 1086 triumphos.

1558 1099 1849 1157 oportuerat]

1564 2749 1568 2752 “
1627 2780 1647 2809 9
1694 2768 2024 2822 destinantis]
2064 2769 2155 2811 No-

1557 2821 1650 2864 vak.
1677 2822 2030 2873 praedestinantis.

227 3031 301 3061 ο-ιο
353 3032 380 3070 q
391 3034 417 3060 u
426 3031 455 3060 o
464 3031 566 3059 s-o
577 3032 604 3069 p
613 3031 641 3059 ο
652 3032 669 3058 r
679 3026 694 3057 t
705 3032 730 3058 u
741 3030 763 3057 e
774 3031 791 3056 t
800 3030 825 3056 a
835 3015 866 3068 tl
911 3014 1024 3055 Haec
1066 3028 1090 3054 a
1119 3014 1236 3054 Livio
1263 3014 1315 3055 ad
1344 3015 1648 3056 misericordiam
1676 3016 1899 3068 auqendam
1927 3024 2155 3069 excogitata

176 3072 372 3114 videntur.
