2430 3632
303 238 344 273 10
994 240 1150 270 OLYMP.
1181 234 1257 276 153,
1289 236 1323 268 1:
1351 239 1425 270 RES
1451 240 1629 268 ITALIAE.

393 341 588 391 Polybius
1444 337 1653 377 Diodorus

247 413 384 456 XXX,
404 413 485 453 4-5.
508 411 637 450 B-W.
658 410 739 451 Hu.
799 422 824 449 u
854 409 1009 452 XXXI,
1039 409 1075 452 5,
1105 410 1140 448 3.
1171 408 1238 448 Di.
1343 410 1368 449 b
1397 409 1552 452 XXXl,
1582 409 1618 449 5.
1653 410 1684 447 1.
1714 407 1781 448 Di.
1867 420 1888 448 c
1915 408 2070 452 XXXI,
2101 409 2137 452 5,
2167 410 2203 452 2,
2238 407 2305 448 Di.

246 487 364 534 κατὰ
407 486 488 533 τὸν
533 485 741 547 πόλεμον

246 559 448 605 ἐδόκουν
536 556 740 617 παραλε-
1105 555 1266 616 παρεί-
1607 553 1810 616 παρελύ-
2172 555 2334 616 παρεί-

211 650 228 677 8
247 629 430 685 λύσθαι,
453 628 559 689 περὶ
578 628 629 673 6&
649 631 741 672 τῶν
771 626 942 688 θησαν,
973 625 1079 686 περὶ
1104 625 1155 671 6&
1174 630 1267 671 τῶν
1315 625 1486 688 θησαν,
1516 626 1622 686 περὶ
1648 625 1699 671 δὲ
1718 630 1811 671 τῶν
1840 625 2010 688 θησαν.

247 700 365 747 κατὰ
444 699 589 762 μέρος
663 698 740 759 ἐγ·
772 696 890 743 κατὰ
969 696 1115 758 μέρος
1189 696 1266 758 έγ-
1732 697 1809 759 ἑγ-

247 771 500 834 κλημάτων
658 769 740 815 αὐ-
772 767 1026 830 κλημάτων
1279 789 1296 816 5
1315 767 1569 830 κλημάτων

247 849 342 896 τοῖς
418 843 448 903 ἡ
533 839 740 902 σύγκλη-

247 931 325 968 τος
401 917 584 974 πικρῶς
662 911 740 957 καὶ
943 914 1126 970 πικρῶς
1486 915 1669 971 πικρῶς

246 984 435 1047 βαρέως
497 983 741 1029 ὠνείδισεν.
913 981 1266 1043 ῶνειδίσθησαν.
1457 981 1811 1044 ὠνειδίσθησαν.

212 1070 229 1098 9
247 1057 307 1119 ῆν
355 1055 398 1102 δ’
450 1055 476 1100 ὁ
526 1058 638 1107 νοῦς
686 1059 770 1115 τῆς
818 1053 1115 1113 ἀποκρίσεως
1163 1057 1384 1108 τοιοῦτος,
1439 1053 1507 1098 ὅτι
1543 1055 1584 1098 εἰ
1618 1052 1686 1115 μὴ
1725 1053 1777 1099 δι’
1818 1052 2009 1114 ὀλίγους
2044 1052 2336 1115 ἀνθρώπους

247 1126 356 1180 τοὺς
399 1126 553 1172 αὐτῶν
596 1124 772 1186 φίλους,
821 1123 900 1170 καὶ
942 1123 1138 1185 μάλιστα
1183 1123 1235 1169 δι’
1276 1122 1460 1179 αὐτούς,
1501 1124 1694 1185 ᾔδεισαν
1715 1122 1889 1177 Υκαλῶς
1925 1123 2003 1169 καὶ
2041 1124 2234 1178 δικαίως
2269 1123 2336 1177 ὡς
2357 1140 2389 1168 ιο

198 1194 228 1240 ιὀ
248 1198 356 1244 δέον
393 1197 453 1259 ἦν
484 1197 641 1249 αὐτοῖς
671 1194 955 1258 χρήσασθαι.
994 1195 1020 1240 ὁ
1053 1193 1095 1240 δ’
1123 1194 1422 1257 Ἀστυμήδης
1455 1195 1581 1256 αὐτῷ
1612 1195 1699 1256 μὲν
1729 1195 1883 1242 ἐδόκει
1913 1194 2071 1249 καλῶς
2100 1194 2335 1258 εἰρηκέναι

247 1269 352 1331 περὶ
388 1274 471 1330 τῆς
506 1267 742 1328 πατρίδος,
785 1266 843 1312 οὐ
879 1265 977 1327 μὴν
1012 1271 1108 1319 τοῖς
1145 1282 1199 1327 γε
1234 1266 1642 1328 παρεπιδημοῦσιν
1679 1266 1790 1313 οὐδὲ
1826 1272 1922 1319 τοῖς
1958 1267 2080 1312 οἴκοι
2116 1266 2336 1329 μένουσιν
2378 1310 2381 1312 .

197 1357 224 1383 ιι
247 1345 339 1386 τῶν
371 1339 606 1401 Ἑλλήνων
644 1338 868 1399 οὐδαμῶς
904 1338 1114 1399 ἤρεσκεν.
1163 1336 1355 1398 ἐξέβαλε
1393 1337 1485 1398 γὰρ
1516 1337 1786 1399 ἔγγραπτον
1815 1336 1929 1400 μετὰ
1961 1341 2103 1383 ταῦτα
2133 1337 2336 1401 ποιήσας

247 1411 332 1474 τὴν
367 1409 581 1464 σύνταξιν
616 1415 699 1471 τῆς
736 1407 1065 1470 δικαιολογίας,
1109 1408 1139 1469 ἢ
1176 1413 1272 1461 τοῖς
1307 1407 1535 1462 πλείστοις
1571 1413 1663 1454 τῶν
1700 1408 2131 1471 ἀναλαμβανόντων
2159 1410 2225 1462 εἰς
2254 1408 2336 1463 τὰς

199 1498 229 1525 12
247 1489 407 1546 χεῖρας
437 1482 613 1534 ἄτοπος
636 1480 849 1542 ἐφαίνετο
875 1478 954 1525 καὶ
979 1478 1143 1532 τελέως
1168 1478 1413 1532 ἀπίθανος.
1450 1479 1763 1542 συνεστήσατο
1789 1479 1882 1542 γὰρ
1907 1478 1993 1541 τὴν
2016 1479 2336 1542 δικαιολογίαν
2358 1497 2389 1525 15

249 1554 306 1600 οὐ
354 1553 504 1615 μόνον
545 1552 598 1597 ἐκ
642 1556 734 1597 τῶν
776 1557 859 1613 τῆς
900 1550 1126 1611 πατρίδος
1168 1550 1373 1606 δικαίων,
1421 1550 1484 1596 ἔτι
1528 1550 1579 1596 δὲ
1621 1550 1801 1613 μᾶλλον
1843 1551 1896 1597 ἐκ
1934 1556 2017 1612 τῆς
2053 1555 2146 1597 τῶν
2181 1551 2336 1598 ἄλλων

199 1640 229 1668 13
248 1624 547 1687 κατηγορίας.
614 1622 668 1668 τὰ
718 1622 804 1684 μὲν
854 1621 946 1683 γὰρ
995 1621 1342 1683 εὐεργετήματα
1390 1621 1469 1667 καὶ
1511 1622 1843 1685 συνεργήματα
1885 1621 2208 1684 παραβάλλων
2255 1623 2335 1670 καὶ

247 1696 514 1757 συγκρίνων
562 1693 616 1740 τὰ
665 1693 751 1755 μὲν
799 1697 892 1739 τῶν
940 1692 1095 1738 ἄλλων
1136 1692 1351 1753 ἐπειρᾶτο
1395 1693 1700 1755 ψευδοποιεῖν
1747 1693 1827 1739 καὶ
1869 1697 2125 1749 ταπεινοῦν,
2179 1693 2234 1740 τὰ
2283 1694 2335 1741 δὲ

199 1782 229 1809 ιι
248 1771 340 1813 τῶν
377 1766 564 1812 Ῥοδίων
606 1765 791 1827 ηὔξανε,
838 1763 1263 1819 πολλαπλασιάζων
1305 1763 1420 1809 καθ’
1467 1764 1582 1810 ὅσον
1624 1764 1724 1818 οἷός
1762 1764 1801 1810 τ’
1840 1765 1911 1827 ῆν·
1947 1763 2002 1810 τὰ
2040 1763 2083 1810 δ’
2123 1765 2334 1828 ἁμαρτή-

248 1855 370 1900 ματα
409 1836 527 1883 κατὰ
565 1836 834 1882 τούναντίον
870 1834 924 1881 τὰ
962 1834 1049 1896 μὲν
1086 1839 1178 1880 τῶν
1215 1834 1369 1880 ἄλλων
1404 1834 1663 1891 ἐξωνείδιζε
1698 1840 1882 1897 πικρῶς
1917 1834 1996 1882 καὶ
2027 1835 2328 1897 δυσμενικῶς,
2354 1853 2390 1882 20

248 1908 302 1955 τὰ
352 1908 403 1955 6&
451 1912 544 1954 τῶν
587 1907 774 1953 Ῥοδίων
821 1906 1036 1968 ἐπειρᾶτο
1079 1905 1395 1966 περιστέλλειν,
1443 1908 1516 1952 ἵνα
1563 1905 1682 1952 κατὰ
1725 1906 1810 1969 τὴν
1851 1906 2117 1969 παράθεσιν
2158 1906 2213 1953 τὰ
2249 1907 2336 1969 μὲν

250 1982 395 2026 οἰκεῖα
445 1978 591 2041 μικρὰ
641 1978 719 2024 καὶ
769 1976 1057 2039 συγγνώμης
1105 1977 1211 2030 ἄξια
1255 1981 1396 2039 φανῇ,
1438 1976 1492 2022 τά
1531 1976 1583 2023 6&
1619 1982 1712 2024 τῶν
1747 1978 1891 2032 πέλας
1927 1978 2219 2040 ἀπαραίτητα
2257 1978 2336 2025 καὶ

249 2050 430 2113 μεγάλα
461 2049 638 2105 τελέως,
673 2048 742 2110 ἐφ’
777 2049 846 2102 οἷς
882 2048 974 2111 ἔφη
1007 2047 1295 2110 συγγνώμης
1324 2047 1581 2111 τετευχέναι
1611 2047 1721 2102 τοὺς
1751 2049 2087 2112 ἡμαρτηκότας
2117 2049 2336 2104 ἅπαντας.

199 2138 231 2165 15
250 2122 301 2168 τὸ
351 2121 402 2168 δὲ
453 2121 589 2183 γένος
635 2124 773 2166 τοῦτο
822 2125 905 2182 τῆς
953 2118 1272 2180 δικαιολογίας
1320 2118 1545 2181 οὐδαμῶς
1593 2120 1652 2165 ἂν
1698 2120 1892 2181 πρέπειν
1939 2119 2074 2180 ἀνδρὶ
2114 2119 2337 2184 πολιτικῷ

200 2208 232 2236 16
250 2193 437 2248 δόξειεν,
473 2192 639 2238 ἑπείτοι
673 2191 751 2237 καὶ
783 2196 875 2237 τῶν
905 2190 1388 2253 κοινοπραγησάντων
1417 2191 1527 2251 περί
1554 2207 1690 2237 τινων
1714 2191 2001 2254 ἀπορρήτων
2037 2249 2071 2253 —
2108 2235 2143 2270 E
2241 2237 2291 2271 M
2318 2242 2324 2248 ,
2355 2208 2390 2237 25

251 2264 308 2310 οὐ
345 2262 454 2317 τοὺς
490 2262 565 2308 διὰ
603 2262 761 2325 φόβον
798 2262 829 2324 ἢ
864 2261 1018 2323 πόρον
1046 2260 1257 2323 μηνυτὰς
1288 2260 1572 2322 γενομένους
1601 2262 2002 2326 τῶνσυνειδότων
2040 2261 2119 2321 ᾖε,
2141 2249 2335 2320 “Boi—„2

249 2335 541 2396 ἐπαινοῦμεν,
577 2332 694 2379 ἀλλὰ
725 2331 836 2386 τοὺς
865 2338 1022 2379 πᾶσαν
1052 2331 1413 2394 ἐπιδεξαμένους
1435 2332 1649 2394 βάσανον
1674 2333 1752 2378 καὶ
1777 2335 2002 2395 τιμωρίαν
2037 2335 2116 2387 ¹³³?ss
2169 2344 2204 2391 ΡΙ·
2256 2333 2335 2369 196·

251 2405 328 2452 καὶ
383 2404 548 2468 μηδενὶ
603 2409 695 2450 τῶν
743 2403 1022 2450 συνειδότων
1069 2403 1344 2464 παραιτίους
1394 2403 1677 2465 γενομένους
1725 2410 1808 2466 τῆς
1856 2405 2002 2467 αὐτῆς
2051 2380 2336 2449 ἰστορήσῗῑωὴ

250 2482 512 2539 συμφορᾶς,
572 2474 766 2528 τούτους
819 2473 1159 2537 ἀποδεχόμεθα
1209 2473 1288 2520 καὶ
1337 2472 1532 2528 τούτους
1579 2475 1757 2536 ἄνδρας
1804 2474 2024 2537 ἀγαθοὺς
2071 2477 2336 2538 νομίζομεν.

201 2563 231 2590 17
252 2548 278 2593 ὁ
328 2547 378 2593 6&
428 2546 503 2592 διὰ
552 2546 632 2592 τὸν
681 2545 859 2608 ἄδηλον
901 2545 1059 2607 φόβον
1100 2545 1251 2591 πάντα
1295 2544 1349 2590 τὰ
1393 2549 1486 2590 τῶν
1522 2545 1677 2592 ἄλλων
1713 2546 2025 2608 ἁμαρτήματα
2063 2547 2206 2601 τιθεὶς
2241 2547 2335 2595 ὑπὸ
2354 2562 2391 2592 3ο

251 2618 336 2680 την
384 2619 498 2680 ὄψιν
545 2623 640 2670 τοῖς
688 2621 940 2677 κρατοῦσιν
988 2616 1066 2662 καὶ
1115 2615 1466 2678 καινοποιήσας,
1520 2616 1639 2678 ὑπὲρ
1683 2615 1751 2662 ὧν
1793 2618 1819 2663 ὁ
1862 2618 2037 2680 χρόνος
2078 2620 2143 2672 εἰς
2177 2618 2337 2682 λήθην

252 2689 449 2751 ἀγηόχει
491 2686 600 2741 τοὺς
642 2687 968 2750 ὑπερέχοντας,
1016 2691 1119 2740 πῶς
1162 2686 1251 2733 οὐκ
1288 2686 1449 2748 ἔμελλε
1485 2687 1845 2750 δυσαρεστήσειν
1880 2695 1975 2742 τοῖς
2010 2689 2336 2752 ἱστορήσασιν,·

308 2820 340 2848 12
395 2814 484 2847 οἴκοι
512 2806 678 2857 Campe,
712 2805 786 2846 ἐκεῖ
808 2806 954 2851 codd.;
984 2806 1055 2845 sed
1082 2820 1171 2846 cum
1199 2806 1375 2855 μένουσιν
1403 2806 1710 2858 intellegendum
1738 2822 1819 2848 non
1848 2817 1919 2848 est.

308 2874 339 2901 17
394 2860 690 2910 εὐεργετήματα
721 2859 1086 2911 Schweighaeuser.
1115 2857 1380 2909 ἐνεργήματα.

308 2926 340 2954 19
393 2913 760 2963 πολλαπλασιὰζων
788 2912 1068 2956 Casaubonus,
1098 2913 1447 2962 παραπλησιάζων.

305 2979 341 3008 26
393 2968 527 3058 πόρονῙ
549 2972 734 3017 scriptum
777 2972 825 3005 sit
853 2980 903 3005 an
932 2967 1058 3016 πόνον,
1087 2979 1170 3006 non
1198 2965 1321 3016 liquet
1348 2979 1426 3006 sec.
1456 2966 1704 3011 Boissevain,
1733 2968 1848 3016 πόρον
1877 2968 2014 3008 Maius
2042 2969 2194 3020 Heyse,
2222 2970 2336 3008 πόνον

253 3020 371 3060 codd.
401 3034 485 3059 exe.
529 3033 590 3070 eq.
