2430 3632
307 269 355 306 46
978 274 1134 303 οιγΜΡ.
1166 269 1244 310 ῑ53,
1269 268 1312 302 2;
1341 274 1414 304 RES
1442 275 1617 304 lTALIAE.

454 374 556 413 Plut.
586 373 701 412 Aem.
731 371 846 411 Paul.
876 386 909 411 c.
939 373 1108 411 30—31.
1413 372 1499 412 Liv.
1528 372 1661 416 XLV.
1691 374 1861 417 35—37,
1891 375 1940 419 22
1970 375 2032 417 39.
2063 376 2222 421 3—20.,

307 449 426 511 ὑπὲρ
457 447 635 495 τούτων
666 447 758 510 γὰρ
791 446 974 510 ἡμέραν
1005 446 1083 492 καὶ
1114 444 1259 493 νύκτα
1333 450 1527 495 dimento
1559 451 1615 494 ad
1643 468 1732 495 rem
1754 452 1971 507 publicam
1995 453 2108 497 bene
2129 469 2284 508 geren-

307 525 515 583 συνεχῶς
562 519 886 580 ἱππασάμενος
933 517 1058 564 ταῦτ’
1108 517 1259 580 ἔσχον.
1332 522 1431 565 dam
1479 522 1597 565 domi
1640 523 1903 578 militiaeque
1943 524 2036 567 fuit.
2079 540 2165 580 eqo
2199 524 2284 569 hoc
2309 534 2340 563 ¹9

308 591 401 638 ἀλλ’
459 592 547 653 ἄγε
600 589 763 652 λαβὼν
820 587 993 642 αὐτοὺς
1046 587 1121 634 ε’πὶ
1175 588 1260 650 τὴν
1332 592 1450 636 ferro
1506 609 1638 659 saepe
1693 604 1898 637 vexatum
1947 611 2107 649 corpus
2157 606 2285 640 vetus

307 668 487 725 ψῆφον·
536 660 632 724 ἐγὼ
682 661 732 707 δὲ
782 659 995 722 καταβὰς
1042 676 1258 721 παρακο-
1331 663 1452 707 miles
1483 664 1832 708 adulescentibus
1864 665 2067 709 militibus
2089 666 2282 710 ostendit

306 733 534 795 λουθὴσω
577 738 701 787 πᾶσι,
750 731 829 777 καὶ
874 730 1116 793 γνώσομαι
1152 728 1262 784 τοὺς
1287 744 1306 773 5
1334 733 1480 778 Galba
1531 742 1672 778 nitens
1724 745 1766 779 et
1817 742 2032 792 inteqrum
2078 736 2283 782 denudet.

306 803 487 858 κακοὺς
536 803 613 850 καὶ
657 804 940 866 ἀχαρίστους
985 802 1064 848 καὶ
1107 802 1259 864 δημα-
1332 816 1553 853 revocate,
1586 812 1620 849 si
1642 806 1828 854 videtur,
1852 807 2025 855 tribuni.
2047 808 2105 852 ad
2126 808 2284 852 suffra-
2304 819 2341 848 20

307 875 565 938 γωγεῖσθαι
605 874 785 936 μᾶλλον
820 873 870 919 ἐν
906 878 1001 926 τοῖς
1036 872 1260 934 πολέμοις
1333 883 1449 932 qium
1482 877 1641 923 tribusz
1675 893 1761 932 eqo
1792 877 1849 921 ad
1875 894 1971 925 vos.
1995 879 2161 926 milites.
2185 879 2284 905 ****

306 948 338 1009 ἢ
375 945 736 1009 στρατηγεῖσθαι
771 942 1141 1006 βουλομένους.”

925 1046 1133 1087 Diodorus
1161 1045 1315 1088 XXXI.
1346 1047 1382 1089 8,
1412 1047 1554 1086 9—12.
1585 1046 1651 1085 Di.

352 1146 539 1190 syncellus
662 1121 946 1184 καταλαβὼν
1000 1122 1051 1168 δὲ
1100 1121 1180 1167 καὶ
1229 1121 1370 1174 αὐτὸς
1417 1121 1662 1183 θρίαμβον
1711 1127 1997 1184 καταγαγεῖν
2044 1123 2142 1185 ἅμα
2191 1129 2287 1178 τοῖς

255 1211 287 1238 ιο
343 1193 566 1276 (ῖςὲἓηοὲἓῤ
661 1192 747 1240 σὺν
796 1194 923 1255 αὐτῷ
971 1198 1251 1255 στρατηγοῖς
1299 1190 1532 1238 κελεύεται
1579 1191 1710 1253 παρὰ
1760 1198 1843 1255 τῆς
1884 1192 2164 1256 συγκλήτου.
2207 1194 2287 1241 καὶ
2308 1209 2341 1238 ιο

316 1255 351 1286 ρ.
451 1261 490 1270 --
571 1268 577 1274 .

661 1269 849 1326 πρῶτος
884 1264 971 1326 μὲν
1000 1264 1205 1317 Ἀνίκιος
1236 1263 1315 1310 καὶ
1339 1262 1589 1325 Ὀκτάβιος
1619 1264 1646 1309 ὁ
1678 1269 1761 1325 τῆς
1790 1270 2012 1326 ναυτικῆς
2042 1264 2288 1327 δυνάμεως

304 1338 607 1401 ἡγησάμενος
655 1335 744 1383 ἀνὰ
793 1337 905 1397 μίαν
953 1334 1137 1397 ἡμέραν
1185 1334 1407 1396 ἑκάτερος
1455 1334 1812 1396 ἐθριάμβευσεν,
1860 1336 1887 1381 ὁ
1925 1335 1977 1381 δὲ
2014 1335 2287 1398 σοφώτατος

304 1409 521 1471 Αἰμίλιος
564 1407 637 1454 ἐπὶ
675 1413 806 1468 τρεῖς.
844 1406 922 1453 καὶ
960 1411 1016 1468 τῇ
1053 1406 1139 1468 μὲν
1175 1405 1340 1468 πρώτῃ
1380 1406 1555 1467 ἅμαξαι
1591 1405 1730 1468 χίλιαι
1766 1406 1999 1452 διακόσιαι
2034 1407 2288 1470 προῆλθον

303 1480 533 1543 φέρουσαι
569 1478 740 1532 λευκὰς
777 1478 855 1524 καὶ
892 1478 1086 1540 τραχίας
1123 1477 1334 1532 ἀσπίδας,
1377 1476 1456 1522 καὶ
1493 1476 1627 1522 ἄλλαι
1663 1476 1803 1538 χίλιαι
1840 1477 2073 1524 διακόσιαι
2109 1479 2286 1540 ἅμαξαι

303 1551 496 1614 πλήρεις
531 1550 743 1596 ἀσπίδων
779 1549 981 1612 χαλκῶν,
1024 1549 1103 1595 καὶ
1139 1549 1290 1610 ἕτεραι
1326 1547 1586 1609 τριακόσιαι
1622 1547 1801 1611 λόγχας
1836 1548 1915 1594 καὶ
1952 1549 2177 1611 σαρίσσας
2206 1549 2286 1596 καὶ
2306 1564 2340 1593 15

304 1623 416 1677 τόξα
466 1621 545 1668 καὶ
594 1621 785 1668 ἀκόντια
837 1620 1075 1682 γέμουσαι·
1124 1623 1428 1682 προηγοῦντο
1477 1618 1528 1665 δὲ
1566 1618 1721 1665 αὐτῶν
1757 1619 1824 1673 ὡς
1859 1619 1910 1666 ἐν
1944 1619 2138 1682 πολέμῳ
2176 1620 2285 1667 σαλ-

305 1694 504 1756 πιγκταί.
542 1693 664 1755 ἡσαν
701 1691 751 1738 δὲ
783 1691 862 1738 καὶ
893 1691 1027 1738 ἄλλαι
1056 1690 1224 1738 πολλαὶ
1254 1689 1442 1737 ποικίλα
1473 1690 1573 1752 εἴδη
1606 1689 1836 1751 φέρουσαι
1866 1691 2037 1747 ὅπλων,
2074 1691 2287 1754 κάμακες

1403 1893 1420 1920 7
1474 1881 1709 1934 milites]
1754 1882 1797 1922 In
1825 1883 1900 1923 hae
1929 1897 2032 1924 voce
2060 1884 2203 1925 desinit
2222 1885 2285 1926 fo-

1332 1934 1425 1974 lium
1454 1934 1544 1975 cod.
1575 1934 1934 1981 Vindobonensis;
1963 1937 2158 1978 intercidit
2186 1953 2285 1990 qua-

1333 1994 1523 2028 ternionis
1572 1987 1761 2028 XXXIV
1812 1989 1950 2030 folium
2000 1997 2165 2041 primum
2220 1992 2283 2044 (cf.

1333 2040 1542 2081 Gitlbauet
1577 2056 1616 2092 p.
1652 2043 1717 2093 32)
1745 2048 1784 2082 in
1813 2057 1895 2093 quo
1923 2051 2007 2084 erat
2033 2051 2207 2086 narratio
2234 2045 2285 2086 de

1331 2094 1419 2146 lege
1460 2103 1638 2146 accepta,
1675 2096 1726 2135 de
1763 2103 1942 2146 tempore
1967 2097 2165 2149 triumphi.
2194 2113 2287 2149 pars

1331 2148 1608 2198 descriptionis
1624 2163 1798 2199 pompae
1815 2150 2071 2201 triumphalis.
2096 2151 2159 2203 (cf.
2176 2151 2283 2193 Fast.

1331 2201 1513 2252 triumph.
1542 2216 1579 2242 a.
1600 2203 1690 2246 587,
1707 2202 1807 2242 Plut.
1825 2203 1940 2243 Aem.
1957 2203 2072 2244 Paul.
2087 2219 2122 2244 c.
2138 2206 2201 2245 32.
2217 2206 2284 2258 ss.)

361 2369 392 2397 14
446 2356 630 2409 τραχίας]
661 2360 850 2409 τραχείας
877 2355 975 2396 alter
1004 2355 1112 2400 Ms.;
1142 2356 1314 2407 Θρᾳκίας
1341 2354 1558 2395 Salmasius
1585 2363 1624 2395 et
1652 2355 1840 2407 Scaliger.

376 2540 427 2568 6-7
483 2527 1022 2578 revocate—tribus]
1067 2526 1176 2566 Vide
1203 2526 1256 2566 ad
1283 2541 1322 2577 p.
1352 2527 1415 2570 41,
1449 2527 1561 2567 1—5.
2157 2569 2161 2576 ,

375 2593 446 2622 9-14
464 2601 494 2628 p.
512 2593 546 2621 47
605 2579 1248 2631 καταλαβὼν-καταπληκτικοῡ]
1277 2578 1429 2619 Nissen
1457 2580 1509 2630 (p.
1538 2581 1630 2631 277)
1657 2580 1855 2625 dubitans,
1879 2581 2142 2633 Syncellusne
2164 2585 2283 2626 alium

306 2648 424 2684 quam
463 2633 690 2674 Diodorum
730 2648 782 2674 an
812 2633 1021 2674 Diodorus
1049 2639 1134 2684 ipse
1161 2632 1280 2673 alium
1308 2647 1426 2684 quam
1455 2633 1669 2684 Polybium
1697 2642 1856 2675 secutus
1885 2642 1945 2679 sit.
1973 2645 2079 2677 certe
2108 2637 2284 2690 Polybio

306 2687 409 2727 hanc
462 2687 646 2737 triumphi
700 2687 1005 2738 descriptionem
1059 2686 1273 2730 abiudicat.
1327 2686 1508 2729 fortasse.
1563 2695 1607 2727 ut
1660 2687 1827 2728 adnotat
1882 2687 2095 2731 Schwarze
2135 2706 2174 2742 p.
2217 2692 2282 2736 64.

307 2740 417 2791 quod
458 2740 653 2791 Polybius
693 2754 863 2791 pompas
903 2739 1158 2790 triumphales
1185 2745 1323 2790 paucis
1355 2739 1568 2780 absolvere
1595 2740 1724 2781 soleat
1750 2741 1915 2792 (Nissen
1943 2757 1981 2793 p.
2017 2744 2115 2795 102).
2158 2744 2283 2786 Recte

307 2802 438 2833 tamen
478 2794 578 2833 vidit
618 2793 830 2833 Schwarze
872 2793 924 2832 l.l.
964 2793 1068 2833 hanc
1107 2792 1272 2832 Nisseni
1313 2792 1636 2833 observationem
1664 2794 1788 2834 tribus
1816 2803 1967 2836 tantum
1995 2797 2185 2848 exemplis
2211 2803 2283 2839 nlti

307 2853 534 2898 optimeque
574 2846 880 2898 intellegendum
921 2860 1009 2886 esse
1049 2846 1155 2885 hunc
1195 2845 1432 2897 triumphum
1474 2846 1830 2897 splendidissimum
1858 2862 1906 2888 ac
1934 2863 2060 2890 rerum
2087 2864 2282 2892 novatum

306 2914 494 2951 augurem
536 2899 649 2939 facile
690 2900 741 2939 de
782 2899 946 2939 Nisseni
986 2899 1125 2939 norma
1152 2899 1335 2938 recedere
1363 2913 1495 2949 posse.
1539 2899 1747 2941 Praeterea
1773 2901 1989 2942 admodum
2015 2909 2152 2944 mitum
2180 2903 2283 2946 foret

308 2959 340 2992 si
375 2961 536 3003 repente
564 2952 682 3003 idque
711 2959 750 2992 in
778 2953 852 2992 hac
881 2952 968 2993 sola
996 2960 1107 3003 parte
1134 2959 1203 2992 aut
1231 2951 1441 3003 syncellus
1470 2952 1695 2994 Diodorum
1723 2961 1792 2994 aut
1819 2954 2027 2996 Diodorus
2055 2956 2281 3008 Polybium,

307 3006 448 3045 ducem
476 3020 588 3045 suum
617 3013 862 3056 perpetuum.
890 3005 1138 3046 deseruisset.

360 3058 425 3098 De
453 3059 538 3098 Liv.
570 3058 697 3102 XLV.
726 3060 789 3101 40.
824 3059 948 3103 1—5;
978 3060 1041 3102 42.
1072 3059 1175 3098 2-3
1192 3074 1200 3103 ;
1217 3059 1268 3097 43
1283 3065 1322 3097 et
1342 3057 1444 3098 Plut.
1461 3058 1577 3098 Aem.
1594 3059 1708 3100 Paul.
1725 3075 1759 3100 c.
1776 3062 1933 3101 32-34
1948 3062 2041 3103 vide
2055 3077 2148 3114 app.
2163 3063 2279 3103 XVI.
