2430 3632
858 282 896 314 c.
945 281 1202 314 couvemus
1228 283 1380 314 ΑΜΡιιιτ
1393 283 1471 315 ou.
2111 276 2159 314 25

330 367 419 425 1501.
447 381 582 425 xxx,
617 382 664 422 13
693 380 851 427 ss-w.;
880 380 960 422 Hm
1520 381 1607 422 mv.
1636 380 1770 426 XLV.
1799 380 1862 422 31.

171 461 218 505 in
245 470 335 514 qua
350 452 629 512 ,cognitione
648 460 787 511 magis
818 464 915 499 utra
946 469 1048 510 pars
1080 453 1303 502 Romanis.
1336 465 1433 500 utra
1464 461 1557 511 reqi
1588 454 1769 500 favisset
1799 460 2043 511 quaesitum
2075 464 2155 502 est.

36 516 58 555 Ὗ
131 538 154 569 2
170 542 305 586 quam
334 536 432 573 utra
463 526 635 571 fecisset
667 532 865 570 iniuriam
896 534 974 570 aut
1003 531 1269 580 accepissett
1301 541 1417 571 noxa
1444 525 1614 571 liberati
1636 525 1960 573 interfectores:
1983 524 2155 570 exilium

170 598 306 656 pulsis
348 613 492 655 aeque
538 609 677 642 ratum
710 597 790 642 fuit
820 612 873 641 ac
906 612 1023 640 mors
1053 596 1314 645 interfectis:
1361 595 1418 641 Α.
1452 595 1643 642 Baebius
1673 613 1784 642 unus
1814 606 1880 642 est
1910 596 2155 645 damnatus.

170 669 293 727 quod
323 668 478 714 milita
510 668 736 713 Romanos
772 668 1044 722 praebuisset
1074 667 1132 712 ad
1164 674 1445 713 ministerium
1476 668 1636 713 caedis.

132 750 154 783 ³
172 740 243 788 hic
291 750 478 786 eventus
527 739 788 785 Aetolorum
840 754 1001 784 causae
1046 745 1089 782 in
1135 739 1338 784 omnibus
1383 737 1601 785 Graeciae
1645 739 1849 796 gentibus
1894 739 2156 796 populisque
2175 750 2194 779 5

170 827 338 860 eorum.
383 818 458 868 qui
505 818 641 867 partis
687 810 987 855 Romanorum
1034 810 1220 858 fuerant.
1268 810 1435 855 inflavit
1469 810 1527 855 ad
1558 810 1874 856 intolerabilem
1907 810 2155 867 superbiam

169 889 342 930 animos
361 915 369 922 .
391 893 434 927 et
485 884 704 927 obnoxios
755 881 940 936 pedibus
991 897 1141 925 eorum
1195 881 1391 929 subiecit,
1443 897 1556 938 quos
1602 881 1749 937 aliqua
1796 892 1922 937 parte
1966 888 2156 938 suspicio

132 965 152 995 ⁴
173 954 340 1001 favoris
385 961 429 998 in
466 969 613 1010 reqem
644 959 904 1008 contigerat.
942 958 1024 996 tria
1056 968 1219 1008 qenera
1251 959 1494 1008 principum
1526 959 1569 997 in
1599 952 1851 997 civitatibus
1881 962 2019 1000 erant.
2051 952 2154 1000 duo.

170 1041 288 1083 quae
329 1024 555 1070 adulando
598 1035 675 1069 aut
722 1022 1022 1068 Romanorum
1071 1030 1297 1079 imperium
1342 1034 1420 1068 aut
1464 1030 1696 1068 amicitiam
1743 1039 1894 1080 requm
1940 1023 2022 1068 sibi
2068 1030 2155 1079 pri-

170 1103 308 1143 vatim
347 1112 459 1152 opes
498 1101 720 1151 oppressis
761 1094 982 1139 faciebant
1021 1095 1300 1142 civitatibus:
1338 1095 1481 1139 media
1512 1111 1599 1139 una
1630 1101 1766 1151 (pars)
1797 1101 1970 1150 utrique
2005 1101 2154 1151 generi
2180 1105 2212 1133 ¹0

132 1167 360 1214 sadversa
406 1167 651 1212 libertatem
693 1166 933 1223 leqes<que>
964 1166 1180 1211 tuebatur.
1230 1166 1296 1210 his
1326 1175 1389 1211 <ut
1422 1172 1577 1212 maior>
1606 1165 1725 1221 apud
1757 1181 1860 1210 suos
1891 1172 2063 1214 caritas.
2096 1171 2155 1210 ita

171 1245 314 1285 minor
342 1238 401 1284 ad
431 1249 637 1284 externos
667 1244 809 1294 qratia
840 1247 948 1282 erat.

170 1333 264 1372 επ,
293 1333 419 1371 umn-
463 1311 541 1363 13.
569 1310 669 1358 Ὅτι
682 1310 797 1373 μετὰ
811 1310 897 1374 τὴν
909 1314 993 1357 τοῦ
1006 1310 1131 1372 Περ-

169 1381 230 1422 ⁸00
248 1382 298 1418 δέ
321 1380 439 1418 ΒΟΟ”
455 1382 576 1437 σέως
624 1382 877 1429 κατάλυσιν
919 1383 1018 1444 ἅμα
1066 1390 1131 1444 τῷ

222 1442 260 1476 ⁹*
284 1429 366 1466 328.
457 1454 684 1517 κριθῆναι
726 1452 781 1500 τὰ
825 1453 913 1500 ὅλα
955 1470 1130 1500 παντα-
1153 1468 1184 1495 15

171 1526 322 1592 χόθεν
367 1525 632 1588 ἐξέπεμπον
682 1523 904 1587 πρέσβεις
951 1541 1130 1588 συγχα-

171 1597 470 1663 ρησομένους
500 1602 595 1651 τοῖς
623 1601 905 1660 στρατηγοῖς
929 1595 1003 1643 ἐπὶ
1036 1601 1132 1650 τοῖς

126 1684 146 1714 2
173 1669 431 1734 γεγονόσιν.
473 1673 567 1715 τῶν
602 1668 654 1715 δὲ
690 1660 986 1730 πραῇιμάτων
1022 1667 1130 1714 ὀλο-

170 1745 355 1805 σχερῶς
405 1739 480 1787 ἐπὶ
523 1738 779 1801 Ῥωμαίους
827 1738 1125 1793 κεκλικότων,

170 1811 531 1869 ἐπιπολάζοντες
560 1810 636 1857 διὰ
668 1810 749 1857 τὸν
778 1810 948 1871 καιρὸν
978 1810 1027 1857 οἱ
1047 1810 1127 1856 ‹50-
1146 1823 1182 1852 20
1200 1813 1401 1858 secundis
1422 1813 1553 1857 rebus
1574 1812 1675 1857 elati
1699 1811 1998 1857 Romanorum
2022 1819 2157 1869 partis

171 1887 365 1938 κοῦντες
393 1882 508 1930 εἶναι
531 1881 657 1945 φίλοι
678 1881 917 1944 Ῥωμαίων
939 1881 990 1928 ἐν
1013 1886 1126 1927 πᾶσι
1199 1891 1291 1929 eius
1319 1884 1513 1928 fautores
1535 1883 1615 1928 soli
1639 1893 1728 1928 tum
1751 1890 1794 1927 in
1818 1884 2154 1940 magistratibus.

171 1960 268 2010 τοῖς
301 1951 643 2017 πολιτεύμασιν,
684 1954 749 2007 εἷς
785 1970 832 1999 τε
868 1952 950 2006 τὰς
985 1969 1127 2014 πρεσ-
1200 1955 1279 1999 soli
1312 1962 1354 1999 in
1388 1955 1682 2011 leqationibus
1714 1965 1851 1999 erant.

170 2026 306 2089 βείας
340 2023 469 2072 οὗτοι
507 2024 792 2072 καθίσταντο
827 2024 907 2071 καὶ
938 2023 1020 2078 τὰς
1050 2023 1131 2070 ἅλ-

127 2111 147 2141 s
172 2096 259 2153 λας
293 2098 465 2161 χρείας.
501 2095 575 2143 διὸ
612 2095 910 2158 συνέδραμον
946 2097 1011 2149 εἰς
1047 2094 1133 2157 τὴν

173 2167 482 2216 Μακεδονίαν
527 2167 581 2214 ἐκ
630 2166 717 2230 μὲν
758 2166 954 2231 Ἀχαΐας
996 2166 1127 2213 Καλ-
1146 2179 1181 2209 25
1201 2169 1242 2213 hi
1275 2185 1371 2213 cum
1405 2168 1655 2224 frequentes
1687 2178 1729 2213 et
1761 2184 1813 2212 ex
1845 2167 2154 2224 Peloponneso
2175 2179 2193 2207 6

171 2239 407 2303 λικράτης,
471 2238 825 2300 Ἂριστόὸαμος,
888 2237 1126 2301 Ἀγησίας,

176 2310 417 2367 Φίλιππος,
469 2310 523 2357 ἐκ
567 2310 618 2357 δὲ
663 2309 895 2364 Βοιωτίας
937 2309 986 2355 οἱ
1022 2308 1128 2369 περὶ
1505 2321 1547 2355 et
1590 2326 1641 2355 ex
1685 2309 1872 2355 Boeotia
1904 2321 1947 2355 et
1979 2326 2031 2355 ex
2062 2311 2156 2355 aliis

126 2397 145 2426 4
172 2381 476 2438 Μνάσιππον,
516 2381 571 2428 ἐκ
608 2381 660 2427 δὲ
694 2386 778 2444 τῆς
801 2379 1128 2442 Ἀκαρνανίας
1200 2381 1416 2427 Graeciae
1447 2382 1640 2426 conciliis
1671 2381 1887 2429 adessent.
1928 2376 1931 2377 ⁷

229 2561 263 2591 13
315 2548 469 2590 Initium
525 2548 730 2601 fragmenti
786 2548 985 2588 turbatum
1040 2561 1127 2587 esse
1257 2559 1289 2586 ιο
1343 2556 1505 2597 ἐρᾶτε,-
1533 2546 1625 2586 add.
1657 2545 1841 2597 Madvig.

172 2602 295 2645 docet
321 2601 474 2643 Nissen
501 2616 540 2653 p.
575 2603 633 2643 16.
1259 2613 1285 2640 ιι
1344 2614 1385 2649 ·;.q
1402 2611 1480 2639 ue*
1520 2599 1612 2639 add.
1644 2598 1850 2639 Wolfssin.

230 2668 263 2698 14
317 2655 550 2708 κατάλυσιν]
593 2654 779 2706 Sequitur
812 2661 981 2706 spatium
1018 2660 1130 2694 trium
1261 2667 1286 2693 ιι
1346 2661 1418 2693 -Jut
1460 2658 1651 2693 maior*
1692 2652 1784 2692 add.
1827 2652 1889 2693 ed.
1921 2651 2010 2693 Bas.
2045 2653 2154 2693 1531.

175 2708 256 2751 fere
284 2709 496 2750 litterarum
525 2714 564 2749 in
593 2708 645 2750 Ο.
1015 2727 1017 2729 -
1205 2714 1283 2746 ita
1326 2706 1520 2758 minor]
1563 2719 1663 2746 corr.
1692 2706 1844 2749 eadem,
1874 2711 1928 2745 ita
1958 2711 2094 2746 maior.

171 2778 174 2780 ’
230 2775 263 2805 19
316 2765 552 2802 ›tanmem-mv
581 2761 764 2805 Ursinus.
794 2763 1056 2807 κεκληκὸτων.
1255 2772 1292 2800 20
1353 2759 1496 2799 elati
1545 2758 1907 2799 Romanorum
1955 2759 2156 2810 partis]

1203 2813 1264 2853 ed.
1310 2812 1398 2852 Bas.
1447 2813 1558 2855 1531.
1587 2813 2156 2863 elatisromanommimpartis.

229 2980 280 3011 1-3
333 2969 389 3011 In
429 2984 456 3021 q
472 2976 600 3011 ua—-i
615 2978 708 3010 nte
724 2985 741 3010 ι·
757 2969 772 3009 f
784 2982 807 3010 e
821 2983 843 3009 c
859 2977 874 3009 t
889 2974 899 3009 i
915 2982 934 3008 s
949 2968 976 3020 ς]
1022 2967 1115 3008 Hoc
1144 2966 1327 3007 iudicium
1358 2972 1517 3006 iniuriae
1549 2965 1754 3007 Romanae
1784 2965 1995 3016 Polybium
2013 2965 2157 3006 indicat

174 3030 390 3065 auctorem.

245 3087 264 3118 Β
317 3082 428 3118 tria
469 3090 680 3129 genera
723 3074 1078 3127 principuml.
1125 3072 1232 3114 Vide
1260 3087 1352 3124 app.
1384 3073 1444 3112 ΙΙΙ.

2143 3145 2157 3170 ι
