2430 3632
585 252 622 283 Β.
670 251 865 283 DIREP‘I'IO
890 250 1046 282 ΑΕΟΙΝΙΙ
1074 251 1126 281 ΕΤ
1153 250 1435 288 ΑΟΑΒΒΑΒυΜς
1461 250 1556 283 rri-:R
1582 251 1716 282 PAULI.
2099 246 2142 283 19

977 348 1064 389 Liv.
1094 348 1227 393 XLV.
1257 350 1319 390 28.

156 423 419 483 sollicitaret
435 430 618 476 ‚animos
657 430 890 470 sociorum.
924 421 1251 467 Demetriadem
1282 438 1380 467 cum
1411 428 1655 467 (comitatu)
1685 429 1878 468 revertit.
1911 430 1955 468 in
1986 430 2140 469 itinere

118 506 138 535 ῗ
156 486 383 542 εοιτίἰάἷὲὲ
429 494 558 540 turba
602 493 863 539 Aetolorum
911 499 1127 539 occurritx
1161 499 1421 549 mirantique
1451 503 1495 538 et
1527 500 1841 549 percunctanti.
1873 494 1979 551 quid
2010 506 2136 542 esset.

155 566 351 614 defertur
395 572 660 623 quingentos
705 571 1023 621 quinquaqinta
1069 571 1287 620 principes
1331 565 1390 609 ab
1423 564 1608 619 Lycisco
1648 575 1692 610 et
1722 564 2138 621 Tisippo.·circum-

155 653 280 685 nesso
307 647 462 684 senatu
493 653 572 693 per
603 636 758 682 milites
790 635 1028 683 Romanos.
1061 642 1215 680 missos
1242 635 1333 680 <ab>
1354 634 1410 680 A.
1435 634 1618 684 Baebio.
1639 636 1899 692 (praefecto)
1920 638 2138 693 praoeidii.

157 708 424 757 interfectos.
470 708 581 753 alios
618 714 661 752 in
692 707 864 752 exilium
895 717 1020 752 actos
1050 722 1159 754 esse.
1191 707 1399 762 bonaque
1429 723 1595 755 eorum.
1627 714 1702 764 qui
1733 708 1948 753 interfecti
1979 719 2137 757 essent.
2160 720 2177 748 ⁵

118 777 204 827 iet
232 779 405 827 exulum
436 778 662 836 possideri.
710 785 846 827 iussis,
879 785 953 834 qui
984 778 1295 834 arguebantur.
1328 777 1585 834 Amphipoli
1615 778 1771 823 adesse
1800 785 1894 834 ipse
1914 790 2139 824 convento

157 849 244 898 Cn.
289 849 489 897 Octavio
536 849 833 897 Demetriade.
866 859 1100 905 postquam
1131 849 1248 893 fama
1279 849 1437 894 accidit
1468 856 1688 894 traiecisse
1720 856 1804 894 iam
1837 866 1957 895 mare
1986 851 2137 896 decem

119 931 141 963 ο
159 922 346 980 legatos.
389 921 592 967 omnibus
636 921 732 966 aliis
777 927 946 965 omissis
993 920 1274 976 Apolloniam
1306 920 1364 964 ad
1395 936 1473 965 eos
1504 927 1659 977 perqit.
1703 937 1794 977 quo
1823 937 1921 966 cum
1955 921 2139 967 Perseus

157 993 338 1040 obviam
379 992 637 1049 Amphipoli
678 999 797 1037 omni
839 993 1005 1036 solutus
1039 991 1238 1036 custodia
1270 998 1551 1046 processisset
1586 1017 1636 1029 —
1671 992 1715 1036 id
1741 992 1827 1037 diei
1858 999 1940 1038 iter
1970 1004 2037 1038 est
2071 1020 2138 1041 —.

159 1071 300 1121 ipsum
360 1063 536 1121 quidem
598 1064 789 1119 benique
834 1063 1096 1108 <ad>locutus
1142 1073 1234 1109 est;
1281 1073 1473 1107 ceterum
1520 1073 1753 1119 postquam
1800 1070 1844 1108 in
1889 1074 2033 1109 castra
2082 1066 2140 1110 ad
2165 1077 2197 1104 ¹⁰

108 1146 142 1176 ιο
160 1134 461 1192 Amphipolim
509 1141 643 1182 venit.
690 1141 885 1190 graviter
926 1140 1190 1189 increpuisse
1222 1134 1405 1177 traditur
1437 1132 1489 1178 C.
1522 1133 1772 1190 Sulpicium.
1804 1141 1989 1191 primum
2020 1138 2141 1192 quod

161 1205 322 1258 Persea
354 1218 443 1252 tam
474 1205 627 1262 procul
657 1222 684 1250 a
715 1221 763 1250 se
793 1212 947 1261 vaqari
979 1220 1058 1260 per
1089 1211 1360 1260 provinciam
1383 1221 1536 1260 passus
1556 1216 1683 1253 esset.
1705 1205 1865 1251 deinde
1885 1207 2006 1263 quod
2026 1208 2141 1252 adeo

160 1277 407 1324 indulsisset
438 1276 655 1324 militibus.
689 1286 735 1320 ut
766 1276 934 1320 nudare
964 1276 1121 1331 tegulis
1153 1291 1300 1320 muros
1330 1276 1449 1320 urbis
1474 1277 1532 1320 ad
1551 1277 1741 1333 tegenda
1762 1277 2043 1323 hibernacula
2064 1295 2141 1323 sua

108 1360 137 1390 ιι
161 1358 412 1406 pateretur:
461 1348 701 1404 referrique
736 1348 905 1404 tequlas
936 1357 980 1391 et
1012 1347 1131 1391 refici
1162 1347 1349 1394 detecta.
1381 1354 1491 1392 sicut
1522 1347 1708 1395 fuerant.
1740 1354 1873 1393 iussit.
1906 1359 1950 1393 et
1982 1348 2142 1395 Persea

161 1419 337 1476 quidem
358 1435 455 1464 cum
479 1426 645 1463 maiore
660 1419 752 1463 filio
775 1418 980 1474 Philippo
1002 1418 1187 1462 traditos
1207 1417 1264 1462 A.
1290 1417 1516 1463 Postumio
1538 1425 1582 1463 in
1600 1419 1843 1464 custodiam
1861 1426 1992 1467 misit:
2009 1421 2142 1465 filiam
2168 1433 2199 1461 15

161 1506 260 1561 cum
291 1497 460 1536 minore
491 1490 583 1535 filio
613 1506 640 1535 a
670 1489 959 1535 Samothrace
987 1496 1152 1534 accitos
1183 1489 1484 1545 Amphipolim
1516 1496 1634 1534 omni
1656 1490 1823 1535 liberali
1838 1491 1955 1536 cultu
1978 1491 2142 1536 habuit.

235 1662 245 1691 ι
302 1658 342 1693 <c
355 1662 384 1690 o
398 1663 436 1690 m
451 1655 463 1689 i
478 1658 493 1689 t
506 1663 532 1689 a
546 1657 561 1689 t
576 1657 618 1692 u>
658 1649 751 1689 add.
781 1647 1294 1689 Weissenborn-Heraeus.

231 1716 249 1742 a
302 1711 345 1748 <a
358 1702 402 1746 b>
441 1702 533 1743 add.
564 1702 767 1754 Kreyssiq.
799 1723 846 1735 —
877 1711 921 1753 <p
935 1716 953 1742 r
966 1716 990 1741 a
1005 1715 1027 1741 e
1043 1701 1094 1741 fe
1108 1715 1130 1741 c
1145 1709 1161 1741 t
1175 1710 1219 1745 o>
1259 1701 1351 1741 add.
1382 1701 1584 1753 Kreyssiq.

217 1768 252 1798 ιο
303 1764 345 1801 <a
357 1756 402 1800 d>
417 1755 429 1796 I
443 1769 472 1797 o
485 1770 548 1799 cu
563 1764 579 1796 t
594 1771 620 1796 u
634 1755 669 1808 s]
713 1754 1226 1798 Weissenborn-Heraeus.
1255 1755 1423 1795 Iocutus.

219 1821 252 1851 13
303 1809 520 1850 militib
535 1825 561 1850 u
575 1809 611 1862 s]
654 1809 716 1850 ed.
747 1809 837 1849 Bas.
872 1809 984 1852 1531.
1019 1809 1162 1848 milites
1190 1809 1277 1848 sibi.

240 1963 288 1994 1-6
341 1958 394 1993 in
435 1951 1046 2003 itinere—Amphipoli
1087 1950 1295 1991 adesse
1372 1949 1523 1991 Nissen
1551 1966 1589 2002 p.
1621 1952 1697 1991 277
1727 1951 1887 2003 Polybii
1915 1966 1949 1992 c.
1984 1954 2025 1992 ll
2058 1966 2148 1992 cum

163 2012 305 2047 nostro
331 2005 427 2047 loco
453 2004 620 2046 confert.
650 2004 825 2049 Rectius.
854 2011 886 2045 si
914 2005 1011 2055 quid
1030 2004 1164 2047 video.
1184 2018 1274 2044 cum
1325 2010 1391 2044 ivii
1405 2018 1439 2044 c.
1457 2005 1501 2044 31
1522 2005 1844 2056 coniungendum
1859 2011 1943 2049 erit.
1959 2005 2026 2046 ubi
2042 2006 2146 2046 vide.

861 2201 907 2239 C.
957 2202 1186 2238 Conventus
1213 2201 1446 2244 Amphipoli.

340 2319 464 2362 Diod.
495 2319 650 2363 XXXI.
680 2321 717 2364 8.
747 2320 853 2360 6-9
880 2318 948 2360 Di.
1503 2319 1587 2359 Liv.
1618 2318 1750 2362 XLV.
1781 2319 1841 2359 29.

129 2409 151 2455 ρ
178 2415 374 2462 syncellus·
428 2395 702 2459 ἐξέπεμψαν
761 2412 808 2442 τε
868 2394 983 2442 δέκα
1038 2394 1125 2457 μὲν
1174 2373 1178 2377 ⁴

169 2461 376 2548 Ch'JZJ’ffl‘
429 2466 721 2530 πρεσβευτὰς
768 2466 822 2513 ἐκ
872 2470 956 2512 τοῦ
991 2482 1123 2512 συνε-

166 2524 203 2558 9·
347 2525 376 2548 ⁸'
431 2538 568 2599 ὁρίου
580 2539 646 2592 εἰς
659 2537 979 2592 Μακεδονίαν,
991 2536 1125 2583 πέντε

168 2607 222 2656 δὲ
238 2610 305 2664 εἰς
316 2607 585 2670 Ἰλλυριούς,
610 2610 658 2655 οἳ
673 2608 751 2655 καὶ
770 2608 893 2669 πρὸς
907 2607 1125 2670 Αἰμίλιον

170 2679 382 2742 Μάρκον
417 2679 636 2734 ἐλθόντες
665 2680 880 2727 συνεῖδον
910 2678 964 2726 τά
996 2680 1123 2742 τείχη
1151 2694 1169 2721 5

170 2749 504 2816 Δημητριάδος
574 2750 759 2805 πόλεως
826 2749 1126 2797 Μακεδόνων

169 2821 363 2886 πρώτης
416 2821 647 2878 καθελεῖν,
701 2821 1021 2885 Ἀμφιλόχους
1075 2820 1125 2867 δὲ

246 3003 256 3032 i
315 2988 381 3031 De
408 2960 533 3031 Diod.
563 2989 718 3033 XXXI.
748 2990 784 3033 8,
820 2989 918 3030 1-5
947 2988 1040 3029 vide
1067 3002 1160 3039 app.
1193 2987 1263 3030 Vl.
1290 2987 1339 3028 de
1367 2987 1563 3027 Plutarchi
1586 2987 1699 3027 Aem.
1719 2986 1868 3028 Paule.
1887 2989 1936 3028 28
1950 3002 2043 3039 app.
2062 2988 2151 3032 VII.

171 3043 224 3084 de
253 3042 405 3095 Iustino
433 3042 621 3087 XXXIII.
651 3044 687 3087 2.
718 3044 740 3082 7
769 3057 862 3093 app.
894 3041 1000 3081 VIII.
