2430 3632
731 274 768 303 Α.
818 273 1065 304 'rmum’nus
1090 273 1244 304 Ducum
1271 273 1558 305 ROMANORUM.
2090 266 2140 303 45

296 372 400 415 Pint.
428 371 546 414 Aem.
575 370 691 412 Paul.
719 386 755 414 c.
785 372 955 413 30-31.
1260 371 1347 412 Liv.
1376 371 1510 415 XLV.
1540 372 1711 415 35-37.
1740 372 1792 416 2:
1820 371 1884 414 39.
1914 371 2057 412 3-20.

245 499 249 502 s
306 474 440 494 „„.f-
1177 461 1220 495 et
1245 451 1374 495 turba
1394 450 1480 495 alia
1499 457 1791 505 captivorum.
1814 450 1956 505 spolia
1978 449 2138 496 Mace-

1177 522 1357 569 donum.
1389 529 1466 569 <in>
1497 528 1616 566 circo
1649 520 1866 566 Flaminio
1890 522 2138 577 relinquen-

1180 593 1277 637 tur?
1309 592 1357 637 L.
1390 591 1552 637 Paulus
1572 599 1771 648 privatus
1792 602 2016 648 tamquam
2039 607 2140 637 rure

1179 663 1351 708 rediens
1380 680 1408 708 a
1439 674 1570 719 porta
1599 664 1778 708 domum
1810 663 1919 708 ibit?
1949 661 1984 719 †
2008 673 2052 708 et
2075 674 2135 711 tu.
2160 673 2194 703 ¹5

1134 746 1153 773 ⁵
1179 742 1392 783 centurio.
1425 735 1560 781 miles.
1592 734 1752 790 quibus
1781 734 1841 779 ab
1874 741 2140 790 imperatore

1182 805 1322 850 Paulo
1366 805 1558 851 donatus
1594 806 1791 850 decrevit
1829 812 1978 861 potius
2007 821 2138 861 quam

1179 875 1359 921 Servius
1389 875 1537 921 Galba
1569 877 1820 922 fabulentur
1840 877 1966 921 audis
1987 887 2031 921 et
2052 877 2139 922 hoc

1180 948 1326 992 dicere
1372 964 1443 992 me
1488 955 1635 1003 potius
1680 964 1812 1004 quam
1854 948 1970 992 illum
2001 946 2136 1003 audi.]

149 1016 248 1068 ἀλλ’
302 1019 370 1073 εἰς
421 1014 685 1080 τοσαύτην”
742 1015 836 1080 ἔφη
889 1014 974 1071 ,,τό
1020 1032 1107 1061 κα-
1181 1019 1251 1063 ille
1299 1018 1403 1063 nihil
1450 1030 1757 1074 praeterquam
1799 1019 1934 1075 loqui.
1980 1029 2024 1063 et
2060 1018 2138 1063 ud>
2162 1029 2195 1058 ¹6

148 1088 334 1154 ‚among
356 1089 576 1144 ἐξουσίαν
597 1087 857 1150 προάγεται
881 1085 936 1134 δι’
958 1085 1105 1149 ὑμῶν,
1133 1100 1166 1129 ¹0
1183 1096 1323 1145 ipsum
1371 1090 1581 1135 maledice
1625 1106 1679 1135 ac
1720 1091 1922 1146 malique.
1960 1090 2137 1135 didicit:

150 1159 272 1211 ὥστε
303 1159 412 1222 περὶ
438 1159 724 1223 στρατηγίας
752 1157 832 1204 καὶ
861 1157 1111 1220 θριάμβου
1184 1177 1270 1217 eqo
1302 1172 1368 1205 ter
1399 1171 1442 1205 et
1475 1168 1639 1206 viciens
1670 1177 1768 1206 cum
1800 1161 1929 1206 hoste
1955 1177 2008 1206 ex
2035 1177 2136 1217 pro-

149 1230 302 1296 τολμᾷ·
329 1230 481 1293 λέγειν
509 1230 773 1291 ἄνθρωπος
796 1230 1007 1290 ἄτρωτος
1030 1228 1110 1275 καὶ
1185 1238 1421 1276 vocatione
1457 1239 1676 1288 puqnavi:
1708 1248 1762 1277 ex
1792 1232 2009 1280 omnibus.
2040 1248 2138 1277 cum

150 1311 219 1368 τῷ
262 1301 443 1366 σώματι
491 1301 694 1364 στίλβων
739 1299 834 1347 ὑπὸ
876 1300 1112 1363 λειότητος
1183 1303 1342 1358 quibus
1372 1319 1546 1347 manum
1569 1310 1784 1351 conserui.
1807 1303 1949 1359 spolia
1970 1304 2138 1351 rettuli:

149 1372 234 1423 καὶ
284 1373 597 1436 σκιατραφίας
648 1371 772 1434 πρὸς
826 1372 954 1434 ἡμᾶς
1001 1369 1113 1425 τοὺς
1183 1380 1353 1429 insigne
1403 1390 1564 1429 corpus
1612 1374 1807 1419 honestis
1851 1375 2139 1422 cicatricibus,

150 1443 393 1500 τοσούτοις
434 1442 667 1507 τραύμασι
708 1442 1112 1505 πεπαιδευμένους
1133 1457 1165 1486 15
1183 1445 1386 1489 omnibus
1443 1446 1635 1490 adverso
1692 1461 1883 1500 corpore
1933 1452 2139 1502 exceptis.

151 1514 324 1580 ἀρετὰς
381 1515 463 1563 καὶ
517 1516 690 1569 κακίας
743 1515 919 1575 κρίνειν
971 1530 1112 1575 στρα-
1185 1515 1374 1560 habeo.''
1407 1516 1596 1561 nudasse
1625 1516 1785 1561 deinde
1816 1532 1864 1561 se
1893 1517 2050 1562 dicitur
2080 1527 2138 1565 et,
2163 1528 2195 1556 ¹⁷

151 1585 357 1654 mro-172⁶
407 1587 507 1650 ἅμα
556 1585 610 1634 δὲ
651 1591 736 1649 τῆς
771 1585 977 1648 ἐσθῆτος
1012 1585 1112 1631 ὁια-
1184 1603 1275 1643 quo
1321 1603 1523 1642 quaeque
1569 1587 1686 1632 bello
1733 1587 1916 1632 volnera
1956 1599 2140 1644 accepta

149 1657 284 1724 σχὼν
334 1657 532 1722 ἐξέφηνε
585 1657 706 1704 κατὰ
760 1661 854 1703 τῶν
907 1655 1113 1718 στέρνων
1184 1671 1342 1705 essent.
1382 1659 1610 1703 rettulisse.
1653 1674 1768 1714 quae
1797 1658 1900 1703 dum
1932 1669 2139 1708 ostentat.

151 1728 345 1785 ὠτειλὰς
390 1730 616 1783 ἀπίστους
663 1727 716 1774 τὸ
765 1727 968 1790 πλῆθος.
1015 1726 1111 1774 εἶτα
1183 1730 1407 1785 adapertis
1453 1729 1581 1776 forte.
1624 1745 1738 1785 quae
1780 1730 1968 1775 velanda
2000 1742 2139 1779 erant.

150 1800 489 1865 μεταστραφεὶς
533 1800 632 1847 ἔνια
675 1803 769 1846 τῶν
811 1799 902 1846 οὐκ
944 1798 1112 1859 εὐπρε·
1130 1811 1167 1841 20
1185 1811 1329 1845 tumor
1360 1807 1582 1856 inguinum
1606 1808 1813 1856 proximis
1834 1808 1963 1846 risum
1986 1810 2139 1847 movit.

151 1876 258 1928 πῶς
300 1872 354 1920 ἐν
393 1871 524 1936 ὄχλῳ
567 1870 868 1934 γυμνοῦσθαι
910 1868 1112 1916 ὁοκούν·
1170 1883 1274 1916 «tum
1321 1873 1432 1919 ..hoc
1479 1887 1670 1927 quoque.
1713 1873 1834 1927 quod
1866 1873 2042 1918 ridetis'’
2074 1881 2139 1919 in-
2163 1884 2196 1914 18

152 1959 249 1993 των
292 1947 380 1991 τοῦ
426 1942 647 2006 σώματος
694 1941 979 2004 ἀνεκάλυψε,
1033 1940 1112 1987 καὶ
1186 1950 1278 1998 quit
1327 1949 1396 1991 ..in
1438 1958 1555 1998 equo
1596 1943 1689 1987 dies
1720 1954 1961 2000 noctesque
1992 1960 2139 2000 perse-

152 2013 278 2078 πρὸς
322 2013 407 2062 τὸν
449 2013 643 2077 Γάλβαν
683 2012 971 2075 ἐπιστρέψας
1023 2009 1113 2068 ,,σὺ
1185 2014 1333 2059 dendo
1395 2014 1554 2061 habeo.
1607 2030 1687 2058 nec
1740 2021 1878 2070 magis
1929 2032 1997 2061 me
2048 2023 2141 2062 eius

152 2083 274 2150 μέθ’
316 2084 412 2150 ἔφη
458 2084 631 2148 ι,γελᾷς
671 2083 747 2131 ἐπὶ
783 2082 975 2139 τούτοις,
1015 2082 1113 2145 ἐγὼ
1186 2102 1316 2142 quam
1358 2092 1605 2130 cicatricum
1639 2085 1791 2130 harum
1824 2086 1958 2142 pudet
1989 2095 2141 2143 paeni-

154 2156 209 2206 δὲ
253 2154 543 2221 σεμνύνομαι
590 2155 714 2218 πρὸς
759 2153 870 2210 τοὺς
910 2154 1113 2208 πολίτας·
1131 2167 1167 2197 2⁵
1187 2167 1349 2212 tetque.
1392 2156 1571 2211 quando
1602 2173 1838 2212 numquam
1871 2158 1973 2202 mihi
2004 2165 2141 2215 impe-

1238 2367 1291 2396 2-3
1344 2362 1429 2399 <int-
1469 2362 1631 2396 circo
1673 2355 1950 2399 Flaminio
1990 2358 2141 2399 relin-

1186 2423 1213 2460 q
1228 2424 1254 2449 u
1268 2423 1290 2449 e
1305 2423 1332 2449 n
1346 2417 1362 2449 t
1378 2424 1402 2448 u
1417 2408 1450 2460 r]
1493 2422 1594 2449 corr.
1632 2408 1761 2453 Koch,
1790 2410 2142 2461 citcafluminiooe-

1187 2464 1441 2513 linqueretur.

1239 2528 1292 2556 με
1347 2515 1603 2567 et—audi]
1658 2515 1790 2557 adhuc
1827 2530 1910 2558 non
1951 2527 2101 2559 sanata.

1239 2580 1305 2610 ⁹10
1337 2577 1383 2609 et
1405 2569 1484 2610 (id)
1510 2568 1677 2621 ipsum]
1703 2582 1804 2611 corr.
1816 2569 1958 2614 Aldus.
1969 2573 2141 2623 etipsud.

1243 2635 1327 2664 1142
1380 2635 1442 2662 ex
1484 2623 1888 2676 provocatione]
1932 2624 2143 2667 Weissen-

1188 2674 1495 2716 born-Heraeus
1541 2675 1758 2716 secundum
1794 2690 1906 2717 usum
1935 2677 2142 2720 Livianum

1187 2743 1262 2779 per
1301 2734 1438 2769 vitium
1485 2735 1649 2769 traxisse
1695 2729 1852 2770 videtur
1891 2744 1942 2771 ex
1982 2740 2143 2773 antece-

1188 2782 1298 2823 denti
1326 2790 1397 2822 ter.
1424 2787 1742 2832 pet-provocatio.

1245 2847 1278 2876 12
1331 2834 1577 2887 pugnavi]
1614 2836 1676 2876 ed.
1700 2835 2140 2889 Bas.153l.pu9nam't.

1241 2900 1277 2930 22
1332 2896 1379 2928 in
1415 2888 1565 2941 equo}
1609 2889 1760 2932 eadem.
1789 2903 2005 2941 quamquo.

216 3079 302 3110 11-12
357 3063 792 3119 eqo—pugnavi]
836 3062 928 3104 vide
956 3061 1008 3103 ad
1036 3076 1075 3113 p.
1106 3062 1169 3104 41.
1199 3060 1315 3101 7-8.
