2430 3632
303 252 349 286 22

476 353 600 394 Diod.
630 352 785 396 XXXI,
816 353 852 396 8,
881 352 986 391 6—-9
1015 351 1082 390 Di.

792 426 843 473 ἐν
879 426 949 479 οἷς
985 425 1063 472 καὶ
1100 425 1259 479 πόλεις

304 500 542 561 ἀξιόλογοι
562 498 734 544 ’Ἐδεσα
766 497 845 543 καὶ
876 496 1066 558 Βέροια·
1098 496 1254 557 τέταρ-

303 589 383 618 τον
420 570 498 617 καὶ
532 569 801 624 τελευταῖον,
838 569 956 629 ὅπερ
987 567 1039 614 τὸ
1072 567 1257 628 Βέρνον

303 645 418 703 ὄρος
454 641 672 687 συνάπτει
709 645 765 702 τῇ
796 639 1008 700 Ἠπείρῳ
1045 637 1125 685 καὶ
1161 644 1257 692 τοῖς

303 713 422 759 κατὰ
460 711 544 774 τὴν
573 711 803 772 Ἰλλυρίδα
840 710 1011 763 τόποις.
1049 710 1256 772 ἡγοῦντο

304 785 354 830 δὲ
404 783 482 830 καὶ
525 782 743 843 τέσσαρες
778 781 936 834 πόλεις
972 785 1065 827 τῶν
1101 780 1257 826 αὐτῶν

302 855 540 916 τεσσάρων
588 857 758 914 μερῶν,
812 857 895 898 τοῦ
942 851 1029 914 μὲν
1065 850 1257 913 πρώτου

296 925 587 989 Ἀμφίπολις,
633 929 716 970 τοῦ
754 923 976 984 δευτέρου
1019 922 1254 969 Θεσσαλο-

303 999 422 1060 νίκη,
482 1001 564 1042 τοῦ
613 996 768 1057 τρίτου
817 993 992 1049 Πέλλα,
1047 993 1126 1040 καὶ
1174 998 1257 1039 τοῦ

267 1083 284 1111 9
301 1068 520 1129 τετάρτου
593 1066 878 1128 Πελαγονία.
951 1065 1001 1110 ἐν
1072 1063 1257 1118 ταύταις

302 1138 508 1202 ἀρχηγοὶ
539 1138 757 1199 τέσσαρες
788 1135 1147 1198 κατεστάθησαν
1177 1136 1255 1181 καὶ

303 1212 351 1257 οἱ
400 1210 542 1273 φόροι
598 1209 897 1271 ἠθροίζοντο.

958 254 1115 283 OLYMP.
1144 246 1222 290 153,
1250 247 1288 283 1:
1315 253 1389 284 RES
1415 253 1635 285 GRAECIAE.

1639 351 1726 392 Liv.
1755 351 1888 396 XLV,
1917 353 1979 392 29.

1329 446 1501 474 amnem
1539 436 1798 486 porrigitur:
1832 430 1998 475 Edessa
2029 447 2207 487 quoque
2237 440 2281 476 et

1328 500 1500 545 Beroea
1546 501 1702 545 eodem
1749 512 2069 546 concesserunt.
2122 511 2279 558 quarta
2298 511 2317 541 9

1328 579 1452 627 regio
1483 582 1603 615 trans
1635 571 1796 616 Boram
1819 582 2025 620 montem,
2048 589 2135 617 una
2156 582 2282 628 parte

1328 643 1514 687 confinis
1551 643 1738 698 Illyrico,
1770 643 1908 687 altera
1941 642 2090 699 Epiro.

1282 724 1300 752 5
2136 721 2282 769 capita

1329 791 1570 840 regionum,
1604 784 1677 828 ubi
1709 785 1893 829 concilia
1924 785 2093 833 fierent,
2126 787 2129 789 ’

1662 845 1665 848 ’
1895 862 2060 911 primae
2091 863 2282 912 regionis

1327 926 1642 982 Amphipolim,
1675 926 1892 971 secundae
1922 925 2280 974 Thessalonicen,

1329 1005 1485 1042 tertiae
1537 997 1714 1045 Pellam,
1767 1007 1949 1054 quartae
1997 997 2280 1054 Pelagoniam

1279 1078 1310 1107 10
1328 1068 1443 1112 fecit.
1487 1084 1542 1112 eo
1579 1068 1762 1112 concilia
1793 1084 1899 1112 suae
1927 1074 2137 1124 cuiusque
2167 1075 2281 1124 regi·
2311 1113 2315 1117 ,

1329 1146 1425 1183 onis
1442 1140 1584 1187 indici,
1603 1146 1829 1195 pecuniam
1848 1139 2050 1187 conferri,
2069 1139 2128 1183 ibi
2144 1145 2281 1195 magi-

1329 1220 1488 1254 stratus
1499 1217 1637 1254 creari
1655 1217 1787 1254 iussit.
1806 1199 2107 1265 pronuntiavit
2123 1209 2282 1254 deinde

1328 1297 1472 1337 neque
1516 1281 1751 1326 conubium
1793 1297 1938 1336 neque
1976 1287 2281 1325 commercium

1327 1368 1533 1408 agrorum
1565 1351 1954 1407 aedificiorumque
1984 1359 2096 1396 inter
2121 1367 2169 1396 se
2189 1351 2282 1408 pla-

1329 1510 1436 1538 esse.
1461 1494 1634 1538 metalla
1655 1510 1833 1549 quoque
1853 1501 1947 1538 auri
1963 1503 2097 1549 atque
2111 1500 2282 1549 argenti

1330 1582 1419 1609 non
1451 1571 1655 1613 exerceri,
1690 1564 1802 1620 [nec]
1837 1565 1938 1609 ferri
1970 1574 2014 1609 et
2044 1571 2157 1609 aeris
2184 1581 2283 1620 per-

1330 1643 1452 1680 mitti.
1494 1636 1685 1691 vectigal
1726 1636 2026 1680 exercentibus
2062 1636 2283 1680 dimidium

1330 1715 1421 1751 eius
1442 1714 1691 1762 inpositum.
1715 1708 1835 1763 quod
1851 1707 2161 1763 pependissent
2176 1714 2282 1762 regi.

1276 1790 1312 1819 20
1331 1789 1374 1823 et
1415 1779 1504 1822 sale
1545 1785 1722 1822 invecto
1763 1785 1823 1822 uti
1866 1785 2018 1822 vetuit.
2063 1777 2284 1822 Dardanis

1330 1850 1628 1905 repetentibus
1670 1849 1923 1897 Paeoniam,
1965 1849 2086 1905 quod
2126 1858 2171 1894 et
2206 1865 2285 1894 sua

1330 1921 1481 1965 fuisset
1513 1930 1556 1964 et
1587 1927 1816 1965 continens
1847 1930 1960 1964 esset
1991 1920 2152 1964 finibus
2182 1927 2282 1967 suis,

1331 1992 1533 2036 omnibus
1564 1992 1670 2036 dare
1697 1992 1941 2036 libertatem
1969 1998 2283 2047 pronuntiavit,

1331 2070 1405 2118 qui
1451 2063 1532 2107 sub
1579 2079 1716 2118 regno
1754 2062 1901 2107 Persei
1938 2062 2132 2106 fuissent.
2183 2071 2284 2117 post

1267 2143 1312 2174 ‘25
1331 2151 1421 2178 non
1458 2140 1732 2189 impetratam
1766 2133 2004 2177 Paeoniam
2035 2133 2135 2177 salis
2165 2149 2285 2178 com-

1332 2212 1536 2249 mercium
1568 2205 1710 2252 dedit,
1734 2211 1888 2248 tertiae
1910 2211 2078 2259 regioni
2099 2211 2285 2259 impera-

1332 2283 1408 2324 vit,
1449 2286 1495 2319 ut
1532 2275 1717 2323 Stobos,
1739 2275 1961 2319 Paeoniae
2001 2275 2284 2323 deveherent,

1334 2354 1607 2402 pretiumque
1634 2353 1795 2390 statuit.
1828 2346 2030 2390 navalem
2059 2352 2283 2390 materiam

1334 2427 1378 2462 et
1418 2425 1537 2473 ipsos
1577 2417 1762 2462 caedere
1797 2426 1841 2460 et
1870 2417 1980 2460 alios
2011 2423 2102 2472 pati
2132 2423 2284 2460 vetuit.

307 2492 357 2537 ἐν
393 2491 444 2537 δὲ
475 2497 569 2544 τοῖς
599 2490 811 2553 ἐσχάτοις
841 2495 924 2552 τῆς
954 2488 1262 2540 Μακεδονίας
1280 2501 1315 2529 3ο
1334 2489 1600 2544 regionibus,
1638 2503 1752 2543 quae
1788 2487 1958 2531 adfines
1989 2487 2188 2531 barbaris
2219 2503 2285 2531 es-

308 2563 467 2615 τόποις
516 2561 590 2607 διὰ
640 2561 721 2615 τὰς
768 2566 861 2607 τῶν
902 2558 1262 2621 παρακειμένων

314 2633 470 2679 ἐθνῶν
506 2631 760 2693 ἐπιβουλὰς
797 2631 1085 2693 κατέστησαν
1121 2646 1260 2690 στρα-

309 2703 481 2757 τιώτας.

1333 2569 1430 2603 sent
1464 2584 1514 2596 -ι
1547 2568 1730 2612 excepta
1775 2568 1921 2602 autem
1967 2565 2094 2602 tertia
2136 2573 2288 2602 omnes

1334 2641 1458 2674 erant
1483 2655 1549 2677 —,
1574 2635 1780 2685 permisit,
1812 2638 1860 2672 ut
1881 2629 2098 2684 praesidia
2118 2638 2286 2673 armata

1335 2708 1379 2744 in
1410 2701 1571 2745 finibus
1602 2706 1803 2744 extremis
1834 2700 2059 2744 haberent.

1407 2890 1424 2919 3
1478 2885 1638 2916 trans
1687 2876 1883 2916 Boram
1927 2876 2183 2927 montem]
2226 2876 2288 2916 ed.

1337 2931 1427 2971 Bas.
1462 2931 1573 2974 1531,
1604 2930 2071 2969 transdorsummontem.

1337 3036 1369 3087 F
1392 2996 1428 3049 17.
1481 2984 1522 3035 [n
1537 2998 1559 3023 e
1574 2983 1612 3034 c]
1642 2983 1719 3023 del.
1736 2983 1886 3023 eadem.
1906 3005 1950 3016 —
1970 2982 2016 3023 fe
2027 2982 2108 3034 r-ri]
2138 2982 2289 3026 eadem,

1358 3051 1438 3077 tert.

2305 1221 2337 1249 10

1268 1435 1310 1462 ,15
1329 1439 1428 1467 cere
1459 1430 1660 1479 cuiquam
1692 1432 1814 1467 extra
1835 1423 1945 1467 fines
1968 1429 2158 1479 regionis
2178 1439 2284 1467 suae
2345 1452 2354 1456 ‹-

2306 1505 2333 1532 ιι
2370 1503 2373 1507 ·

2307 1789 2339 1817 12

2307 2072 2341 2100 13

2307 2355 2340 2383 14
