2430 3632
887 509 1371 565 APPENDICES.

317 831 482 878 Diod.
514 830 683 879 XXXI.
726 833 752 876 7
797 831 959 876 Dind.
992 832 1140 876 9—10
1181 831 1434 889 Bekker.]
1499 833 1602 879 Hoc
1647 844 1781 889 caput
1810 834 1902 879 duo
1932 834 2051 891 frag-

209 877 248 926 1·
316 913 463 949 menta
508 910 732 948 continet:
782 901 886 948 Exc.
928 902 1062 948 Um!-
1093 904 1151 948 20
1182 915 1225 948 et
1257 905 1327 951 21.
1359 904 1416 949 de
1448 903 1570 949 Boot
1601 921 1643 960 p.
1677 906 1777 953 402.
1809 921 1862 951 ex
1893 906 2052 962 quibus

209 981 331 1032 prius
360 984 528 1020 tantum
560 973 612 1029 (c.
645 975 686 1022 7.
726 976 740 1018 1
781 973 928 1021 Dind:
961 975 989 1019 9
1021 973 1174 1029 Bekk.)
1205 975 1443 1020 secundum
1474 975 1712 1021 Nissenum
1744 976 1844 1022 huic
1877 975 2051 1032 Polybii

209 1046 313 1092 loco
341 1046 618 1091 inserendum
650 1055 715 1090 oet
746 1045 926 1099 (Nissen
958 1062 1000 1101 p.
1034 1045 1149 1100 339).
1181 1046 1238 1090 de
1267 1046 1408 1091 altero
1429 1047 1533 1091 nihil
1551 1046 1807 1092 affirmatur.
1840 1046 2051 1093 Attamen

202 1127 410 1180 ,neutrum
441 1133 495 1161 ex
528 1115 719 1172 Polybio
749 1115 896 1164 XXX.
934 1117 1045 1160 1-3
1075 1116 1213 1164 fluxit.
1246 1133 1509 1173 quamquam
1541 1124 1586 1163 et
1618 1117 1842 1163 Bekloerus
1871 1125 1916 1164 et
1940 1118 2052 1163 Din-

208 1187 378 1234 dorfius
421 1197 654 1243 utrumque
685 1194 803 1232 'ante
844 1194 1101 1233 sententiam
1134 1187 1307 1233 Aemilii
1341 1187 1463 1233 Pauli
1495 1189 1547 1243 (c.
1580 1190 1621 1237 8.
1660 1191 1710 1234 12
1744 1188 1892 1237 Dind:
1924 1206 1961 1235 c.
2000 1192 2052 1234 14

210 1257 366 1315 Bekk.)
411 1265 600 1314 positum
648 1259 778 1303 rebus
826 1258 978 1303 Italiae
1022 1266 1125 1303 anni
1163 1260 1349 1306 168s167
1381 1261 1652 1308 attribuunt:
1691 1267 1906 1306 sententia
1937 1268 2051 1306 enim

122 1361 127 1365 .
209 1329 384 1375 Aemilii
418 1329 540 1374 Pauli
562 1346 618 1368 =
643 1329 737 1374 Pol.
769 1329 916 1377 XXX.
954 1332 1006 1374 14
1039 1329 1221 1378 B.-W.;
1259 1332 1309 1374 15
1344 1330 1432 1375 Hu.
1466 1337 1509 1375 in
1542 1331 1672 1376 rebus
1702 1330 1920 1377 Graeciae
1948 1339 2052 1377 anni

215 1402 405 1446 168167
451 1408 682 1446 invenitur.
747 1400 886 1450 Quod
932 1402 989 1446 ad
1037 1400 1170 1446 Urs*-
1218 1402 1274 1446 20
1319 1408 1488 1449 attinet.
1535 1409 1628 1447 eius
1673 1402 1848 1458 quidem
1885 1404 2052 1448 exordii

209 1478 397 1529 vestigia
428 1473 644 1528 quaedam
678 1471 827 1517 Livius
858 1484 901 1516 et
933 1471 1076 1519 XLV.
1115 1474 1180 1520 19.
1219 1475 1233 1516 l
1272 1472 1405 1527 (inter
1422 1474 1582 1518 multas
1598 1489 1748 1530 regum
1765 1478 2052 1532 gentiumque

209 1552 257 1589 et
281 1535 544 1601 populorum
577 1544 821 1601 legationes
852 1543 989 1599 e.q.s.)
1021 1554 1063 1588 et
1094 1560 1131 1588 c.
1166 1545 1235 1591 20.
1263 1546 1291 1587 4
1311 1543 1446 1598 (Inter
1465 1545 1625 1589 multas
1645 1543 1789 1590 Asiae
1813 1543 2051 1591 Graeciae-

209 1630 299 1673 que
343 1615 588 1672 [cyationes
633 1615 771 1670 e.q.s.)
816 1630 1016 1659 servasse
1060 1615 1247 1662 videtur.
1285 1631 1400 1671 quae
1430 1616 1568 1660 verba
1600 1626 1745 1661 tamen
1776 1632 1873 1661 cum
1906 1623 2053 1672 priore

211 1686 312 1731 ioco
341 1696 446 1731 ante
476 1686 740 1741 legationem
772 1685 926 1733 Attali.
956 1686 1097 1730 altero
1127 1697 1231 1730 ante
1257 1687 1520 1742 legationem
1544 1686 1815 1732 Rhodiorum
1838 1688 2051 1744 legantur.

213 1755 317 1803 Exc.
361 1756 496 1802 Urs.¹·
537 1758 593 1801 20
623 1757 741 1810 apud
776 1756 1008 1812 Polybium
1039 1768 1116 1801 aut
1147 1773 1183 1802 c.
1224 1759 1334 1801 1—3
1365 1757 1544 1814 (legatio
1574 1757 1729 1812 Attali)
1759 1769 1835 1803 aut
1866 1775 1902 1804 c.
1937 1760 2052 1803 3-4

210 1827 390 1884 (legatio
439 1827 727 1882 Rhodiorum)
773 1828 1047 1872 inserendum
1080 1828 1194 1872 foret
1226 1844 1305 1874 nec
1336 1839 1441 1886 post
1468 1829 1732 1885 legationem
1766 1829 2051 1878 Rhodiorum.

211 1910 259 1944 ut
290 1905 334 1944 in
365 1899 539 1944 edendo
562 1898 768 1943 Diodoro
789 1899 985 1944 fecerunt
1009 1898 1204 1943 Dindorf
1222 1911 1265 1944 et
1288 1899 1472 1945 Bekker.
1515 1899 1577 1944 At
1600 1916 1754 1945 revera
1776 1901 2050 1956 desumptum

211 1980 278 2016 at
323 1987 376 2015 ex
424 1969 597 2025 Polybii
645 1971 758 2015 libro
803 1969 950 2018 XXX.
999 1971 1063 2018 19.
1112 1973 1160 2015 15
1205 1970 1362 2015 B.-W.
1394 1971 1480 2025 (20.
1519 1973 1568 2015 15
1605 1971 1739 2026 Ηυ.);
1772 1971 1874 2016 vide
1906 1988 1948 2027 p.
1980 1973 2050 2016 63.

213 2041 464 2099 Fragmenti
513 2041 647 2086 Urs*-
688 2043 737 2086 21
776 2042 913 2086 verba
947 2053 1033 2086 tam
1067 2043 1218 2086 similia
1250 2054 1348 2086 sunt
1383 2042 1555 2098 Polybii
1588 2043 1701 2087 libro
1732 2042 1900 2091 XXXI.
1932 2044 1973 2091 9.
2005 2054 2053 2088 ut

211 2113 315 2159 inde
343 2114 589 2159 derivatum
621 2129 717 2158 esse
742 2117 842 2169 ‘ipse
876 2113 1151 2158 Dindorfius²
1183 2130 1224 2169 p.
1258 2114 1343 2157 632
1375 2114 1571 2157 adnotet.

272 2183 553 2231 Dindorfium
598 2194 730 2229 antea
776 2194 820 2229 et
867 2183 1111 2229 Bekkerum
1159 2190 1201 2228 in
1249 2200 1440 2229 errorem
1488 2184 1704 2228 induxisse
1735 2185 1909 2229 videtur
1939 2185 2053 2229 ordo

211 2266 515 2312 excerptorum
550 2255 886 2300 Ursinianorum
919 2271 972 2300 ex
1003 2266 1191 2310 utroque
1222 2256 1488 2311 legationum
1522 2255 1647 2300 titulo
1673 2271 1699 2300 a
1722 2262 1863 2309 primo
1883 2255 2053 2300 editore

212 2333 389 2375 mixtim.
421 2338 467 2371 ut
499 2338 650 2371 notum
683 2337 760 2373 est.
794 2326 923 2371 edita.

274 2397 323 2443 In
353 2398 579 2443 codicibus
609 2414 706 2442 cum
739 2413 786 2442 se
816 2404 1035 2452 excipiant
1067 2398 1176 2442 tituli
1211 2397 1328 2442 Urs‘·

639 2486 679 2513 n.
719 2470 771 2513 19
801 2469 858 2513 de
890 2467 1012 2513 Boor
1034 2485 1088 2506 =
1114 2468 1246 2513 Diod.
1280 2468 1448 2515 XXXI.
1482 2470 1521 2515 5.
1555 2469 1581 2512 3

639 2557 680 2584 n.
714 2541 772 2584 20
821 2574 842 2593 „
939 2574 960 2587 ..
1034 2556 1091 2578 Ξ
1175 2574 1197 2587 ..
1279 2538 1448 2587 XXXI.
1482 2540 1575 2587 7.l

638 2628 680 2656 n.
715 2613 763 2655 21
821 2645 842 2659 ..
939 2645 960 2658 ..
1038 2628 1087 2648 z
1175 2645 1196 2659 ..
1280 2610 1447 2658 XXXI.
1481 2612 1521 2657 7.
1556 2612 1581 2654 2

640 2700 680 2726 n.
715 2684 770 2727 22
820 2717 841 2730 ..
938 2717 960 2731 ..
1036 2699 1088 2720 =
1175 2716 1196 2730 ..
1279 2681 1446 2728 XXXI.
1481 2682 1537 2725 23

213 2768 354 2810 exque
385 2754 512 2798 titulo
545 2753 672 2799 Urs.'·
704 2760 875 2799 unicum
910 2765 1076 2798 tantum
1110 2754 1399 2810 fragmentum
1431 2759 1615 2808 supersit
1643 2769 1696 2790 -.-.—
1722 2751 1855 2798 Diod.
1883 2751 2051 2800 XXXI.

219 2826 286 2874 15,
318 2826 358 2872 2.
391 2825 500 2871 haec
531 2832 590 2870 ita
622 2826 756 2870 edidit
790 2825 1005 2870 Ursinus:

428 2895 552 2941 Urs!
600 2897 651 2941 19
675 2895 745 2952 [Ξ
773 2896 905 2941 Diod.
939 2895 1106 2943 XXXI.
1141 2897 1180 2942 5.
1215 2897 1241 2939 3
1272 2895 1339 2949 (ex
1374 2894 1466 2939 Pol.
1500 2893 1645 2942 XXX.
1680 2897 1719 2942 4.
1753 2895 1794 2949 5)

428 2966 561 3012 Urs!
593 2969 650 3012 20
691 2984 747 3005 z
833 3003 852 3020 η
936 2966 1104 3014 XXXI.
1138 2968 1177 3014 7.
1218 2969 1231 3010 1
1270 2967 1325 3020 (..
1406 3000 1428 3014 ..
1497 2964 1642 3013 XXX.
1676 2966 1841 3020 20.15)
