2430 3632
309 283 357 319 48
982 288 1138 318 οιγΜΡ.
1170 282 1246 325 153,
1272 282 1316 317 2:
1343 287 1417 319 RES
1444 288 1621 317 rrAuAE.

957 385 1165 426 Diodorus
1194 385 1345 430 XXXI,
1374 387 1411 430 9,
1445 386 1557 426 1—5.
1587 385 1654 426 Di.

311 458 610 524 ἀπολυθῆναι
665 466 748 507 τοῦ
803 463 893 523 ζῆν
941 460 1096 523 ἤθελε.
1145 460 1256 521 πρὶν
1291 460 1398 523 μγοὶρ
1448 461 1479 523 ἢ
1528 459 1613 522 τὴν
1662 459 1930 523 σύγκλητον
1977 461 2096 523 ὑπὲρ
2145 461 2292 509 αὐτοῦ

310 533 560 595 διαλαβεῖν,
603 534 629 578 ὃ
668 531 761 595 χρη
799 531 983 587 παθεῖν,
1025 536 1118 577 τῶν
1154 530 1273 578 κατὰ
1309 531 1446 578 πόλιν
1482 536 1759 594 στρατηγῶν
1795 532 1859 585 εἷς
1894 531 2114 594 ἐνέβαλεν
2150 532 2293 580 αὐτὸν

275 620 291 648 2
309 607 374 659 εἰς
427 604 508 651 τὸν
561 604 611 650 ἐν
648 603 846 665 Ἄλβαις
894 602 1143 663 κάρκαρον
1188 601 1304 664 μετὰ
1353 607 1445 648 τῶν
1493 602 1679 662 τέκνων.
1728 602 1821 648 ἔστι
1869 602 1920 649 δὲ
1969 603 1996 650 ὁ
2046 603 2294 666 κάρκαρος

315 678 504 738 ὄρυγμα
554 674 804 736 κατάγειον
851 672 998 735 βαθύ,
1052 673 1103 719 τὸ
1150 673 1236 734 μὲν
1284 673 1492 735 μέγεθος
1528 673 1640 736 ἔχον
1677 674 1814 719 οἴκου
1849 673 2046 735 μάλιστά
2082 691 2186 728 πως
2220 675 2293 721 ἐν·

310 746 567 802 νεακλίνου,
620 745 795 791 σκότου
844 745 895 790 δὲ
944 744 1121 806 πλῆρες
1168 744 1248 790 καὶ
1289 744 1548 806 δυσοσμίας
1584 743 1660 790 διὰ
1697 743 1749 790 τὸ
1785 744 1976 807 πλῆθος
2011 751 2104 792 τῶν
2137 762 2292 807 παρα-
2319 761 2338 789 5

310 817 578 880 δεδομένων
625 818 690 870 εἷς
738 820 904 861 τοῦτον
951 815 1031 861 τὸν
1075 815 1222 861 τόπον
1258 816 1447 877 ἀνδρῶν
1483 820 1575 861 τῶν
1609 815 1686 861 ἐπὶ
1722 815 1996 870 θανατικοῖς
2030 816 2294 879 ἐγκλήμασι

311 887 768 950 καταδικαζομένων,
823 886 890 933 ὧν
937 887 987 932 ἐν
1035 886 1229 940 ἐκείνοις
1264 892 1360 940 τοῖς
1397 886 1588 949 χρόνοις
1625 886 1674 932 οἱ
1704 886 1893 940 πλείους
1928 887 2134 934 ἐνταῦθα
2169 887 2292 934 καθ-

310 962 564 1023 είργνυντο·
613 959 663 1005 ἐν
705 958 829 1004 οὕτω
875 957 967 1020 γὰρ
1005 966 1228 1019 στενωπῷ
1263 956 1696 1019 συγκεκλεισμένων
1731 957 1921 1004 πολλῶν
1956 958 2146 1020 ἀνδρῶν
2181 959 2293 1005 ἀπε-

309 1032 542 1095 θηριοῦτο
591 1029 646 1076 τὰ
695 1033 787 1075 τῶν
833 1030 1021 1091 ἀτυχῶν
1068 1027 1275 1091 σώματα,
1321 1033 1414 1075 τῶν
1450 1045 1498 1074 τε
1533 1027 1656 1089 πρὸς
1691 1028 1875 1091 τροφὴν
1910 1029 1991 1075 καὶ
2026 1028 2112 1092 τὴν
2147 1029 2295 1092 ἄλλην

309 1109 466 1150 πᾶσαν
507 1102 669 1164 χρείαν
710 1100 986 1163 ἀνηκόντων
1026 1099 1216 1145 πάντων
1255 1099 1306 1146 ἐν
1340 1099 1494 1161 ταύτῷ
1529 1098 1844 1162 πεφυρμένων
1879 1098 2111 1163 τοσαύτην
2145 1116 2294 1162 προσ·
2316 1114 2348 1144 ιο

309 1175 488 1221 πίπτειν
524 1172 760 1219 δυσωδίαν
796 1170 1078 1233 συνέβαινεν,
1121 1171 1239 1216 ὥστε
1274 1170 1455 1233 μηδένα
1493 1175 1586 1217 τῶν
1620 1171 1914 1231 προσιόντων
1946 1171 2123 1233 ῥᾳδίως
2152 1169 2293 1218 δύνα-

275 1261 293 1288 3
310 1245 424 1292 σθαι
461 1249 758 1306 καρτερῆσαι.
795 1242 869 1304 ἐφ’
910 1241 1092 1304 ἡμέρας
1127 1241 1214 1304 μὲν
1249 1240 1335 1287 οὗν
1364 1240 1478 1287 ἑπτὰ
1510 1241 1757 1288 διετέλεσεν
1786 1242 1992 1289 ἐνταῦθα
2024 1240 2295 1306 κακουχού-

310 1333 462 1379 μενος,
517 1315 634 1361 ὥστε
683 1314 762 1360 καὶ
810 1312 940 1375 παρὰ
989 1317 1083 1359 τῶν
1131 1312 1341 1376 ἐσχάτων
1387 1311 1466 1359 καὶ
1508 1311 1652 1358 τακτὰ
1695 1312 1981 1375 σιτουμένων
2022 1313 2296 1375 ἐπικουρίας

310 1387 554 1450 δεηθῆναι.
604 1385 870 1447 συμπαθεῖς
921 1383 1012 1446 γὰρ
1063 1382 1192 1430 οὗτοι
1242 1383 1478 1445 γινόμενοι
1527 1383 1602 1429 διὰ
1652 1383 1703 1429 τὸ
1752 1377 1961 1446 μέγεθος
2008 1389 2102 1431 τῶν
2147 1384 2294 1447 ἀκλη-

310 1458 547 1521 ρημάτων,
608 1456 675 1503 ὧν
729 1455 1095 1518 μετελάμβανον,
1154 1454 1508 1517 φιλανθρώπως
1555 1453 1733 1500 τούτων
1780 1455 1944 1517 ἐκείνῳ
1991 1455 2294 1518 μετεδίδοσαν
2317 1470 2378 1522 ¹5-

310 1527 606 1591 δακρύοντες.
655 1528 846 1589 ἔρριπτο
895 1526 938 1573 δ’
979 1526 1106 1588 αὐτῷ
1146 1525 1227 1572 καὶ
1264 1526 1399 1588 ξίφος
1434 1524 1557 1587 πρὸς
1593 1526 1828 1587 ἀναίρεσιν
1864 1526 1942 1572 καὶ
1979 1526 2137 1580 κάλως
2172 1525 2295 1588 πρὸς

310 1600 535 1663 ἀγχόνην,
575 1596 790 1653 ἐξουσίας
820 1598 946 1644 διδο-
1050 1605 1174 1645 Diod.
1204 1604 1360 1648 ΧΧΧΙ,
1389 1605 1426 1648 9,
1455 1605 1492 1644 6.
1522 1604 1588 1643 Di.

309 1672 455 1735 μένης
485 1671 552 1724 ὡς
580 1668 802 1732 βούλοιτο
829 1669 946 1732 χρή-
1001 1678 1094 1714 Exc.
1120 1677 1213 1735 Mf³¹2
1239 1666 1339 1714 “Oa
1358 1667 1498 1714 οὐδὲν
1516 1668 1639 1714 οὕτω

275 1759 292 1785 4
311 1742 498 1789 σασθαι.
531 1741 624 1788 ἀλλ’
658 1741 798 1787 οὐδὲν
823 1740 946 1787 οὕτω
1001 1726 1083 1764 359,
1109 1725 1212 1760 3⁰¹⁵*
1253 1737 1402 1801 γλυκὺ
1432 1739 1639 1801 φαίνεται

313 1812 462 1876 γλυκὺ
487 1814 696 1876 φαίνεται
719 1817 816 1865 τοῖς
837 1812 991 1874 ἠτυ-2ο
1002 1785 1154 1855 88083192.
1178 1786 1212 1817 ρ’
1251 1814 1344 1856 τῶν
1402 1809 1688 1872 ἠτυχηκό-ῑο

381 1964 398 1993 2
467 1956 544 1990 τῶν
579 1984 584 1989 .
613 1983 620 1989 .
649 1984 655 1989 .
688 1949 944 2000 στρατηγῶν]

310 2005 378 2044 τὸν
404 2038 410 2044 .
440 2037 447 2043 .
478 2038 484 2043 .
536 2002 766 2053 στρατηγὸν
807 2003 852 2042 Β.
899 2024 944 2036 --

312 2058 497 2108 ἑνέβαλεν
552 2058 604 2101 Α,
656 2055 862 2105 εἰσέβαλον
901 2056 946 2099 Β,

313 2111 540 2160 ἐνέβαλλεν.

383 2178 400 2206 4
455 2162 944 2229 ἔχονΒεῑεοπ.Ᾱ,’έχων.

364 2230 415 2259 4-5
470 2222 702 2257 εννεακλίνου
747 2230 848 2257 cort.
895 2216 948 2260 Α,

312 2271 576 2311 ἐννεακλιτὶου.
596 2294 645 2299 ——
667 2270 826 2321 σκότου]
849 2271 949 2308 σκο-

312 2340 401 2371 τους
447 2325 492 2364 Β.
539 2347 590 2352 -
645 2328 793 2371 πλῆρες
834 2323 867 2362 Β
909 2330 949 2362 et

312 2393 412 2419 corr.
442 2378 493 2421 Α,
523 2381 689 2426 πλήρης.

368 2443 401 2472 13
454 2430 603 2482 τακτὰ]
634 2445 793 2469 votnm-x
823 2429 875 2473 Α,
895 2428 948 2468 τὰ

313 2484 484 2536 ἔγκατα.
517 2484 561 2523 Β.

367 2550 452 2578 14-15
493 2537 949 2588 γινόμενοι-μετελάμ-

314 2591 436 2640 βανον
474 2590 627 2631 addunt
663 2590 703 2630 Α
740 2590 869 2630 Amst.
900 2611 946 2623 ›-

312 2644 619 2695 ἀκληρημὰτων]
637 2643 947 2693 ἁκληρωμὰτων.

368 2710 401 2738 16
452 2696 606 2746 ἔρριπτο
622 2696 662 2736 Α
677 2697 722 2740 Β,
742 2695 947 2745 ἕρρίπτουν.

369 2763 401 2791 18
454 2751 504 2796 ὡς
533 2750 585 2794 A,
613 2750 663 2795 ὡς
690 2749 751 2788 ἂν.

387 2927 436 2956 1-3
491 2915 791 2966 miv-wemma]
835 2914 1085 2954 Schwarzius
1127 2929 1164 2964 p.
1209 2914 1272 2956 76.
1315 2927 1553 2964 quamquam
1581 2921 1687 2953 recte
1714 2913 1867 2953 docens
1895 2913 2050 2954 Livium
2076 2925 2294 2955 memorate

315 2967 500 3008 Perseum
530 2975 627 3019 post
652 2975 813 3008 senatus
839 2967 1064 3007 consultum
1093 2967 1240 3007 factum
1268 2965 1415 3006 Albam
1437 2974 1477 3006 et
1491 2972 1531 3006 in
1546 2966 1769 3007 custodiam
1784 2966 1946 3006 liberam
1960 2966 2176 3007 abductum
2192 2976 2293 3010 esse.

314 3029 454 3061 contra
485 3021 711 3061 Diodorum
739 3027 834 3060 ante
861 3020 902 3059 id
929 3028 1089 3060 senatus
1117 3019 1342 3060 consultum
1370 3028 1410 3059 et
1437 3025 1478 3059 in
1505 3033 1714 3063 carcerem.
1742 3027 1874 3059 tamen
1901 3025 2040 3060 iniuria
2067 3019 2294 3060 Diodorum

315 3088 377 3114 res
416 3074 645 3114 confudisse
686 3081 824 3124 putat;
862 3073 998 3113 Livius
1025 3080 1128 3112 enim
1156 3073 1274 3113 alium
1302 3087 1421 3123 quam
1450 3072 1678 3113 Diodorum
1705 3081 1864 3113 secutus
1892 3080 1964 3112 est.
2005 3072 2118 3113 Nihil
2145 3072 2293 3117 obstat,
