2430 3632
956 478 1397 534 PRAEFATIO.

968 722 1036 759 Die
1061 724 1269 759 verlorenen
1296 723 1435 760 Bucher
1458 724 1521 760 des
1545 724 1719 771 Polybios
1744 727 1867 763 liessen
1881 728 2100 764 sichdaraus

920 782 975 825 {ex
1011 782 1126 821 Livio.
1166 782 1342 822 Diodoro.
1372 783 1570 829 Excepti-tl
1596 797 1676 821 mm
1700 784 1781 822 Teu
1806 786 2098 824 tekonstruitrtn.

917 847 996 877 eine
1019 841 1195 887 Aufqabe.
1220 842 1276 878 die
1301 843 1508 889 notwendiq
1528 846 1979 890 einmaloeleisoetwerden
1993 860 2098 884 mun.

965 900 1098 937 Beloch
1140 902 1237 946 apud
1274 901 1415 940 Gereke
1451 903 1524 939 und
1561 902 1710 940 Norden
1747 904 1954 953 Einleitnny
1981 912 2016 942 in
2041 908 2101 943 die

918 960 1371 1007 Alteetumwissenschafr
1394 962 1435 998 m
1459 975 1494 1007 p.
1525 964 1601 999 140.

315 1092 494 1138 Librum
538 1092 728 1147 aliquem
778 1090 951 1146 Polybii
998 1108 1051 1136 ex
1096 1092 1286 1137 disiectis
1332 1093 1523 1139 historici
1561 1095 1765 1141 membris
1795 1104 2022 1142 ratituere
2053 1109 2100 1143 ut

254 1185 442 1217 conarer
477 1175 668 1215 monitus
697 1185 725 1214 a
755 1178 1014 1225 promotore
1044 1186 1087 1212 v.
1119 1185 1172 1217 c..
1204 1185 1318 1225 opus
1338 1170 1466 1235 ,haud
1497 1178 1714 1228 ingratum
1745 1173 1886 1220 libens
1915 1182 2098 1231 suscepi.

257 1246 398 1298 Quod
428 1257 476 1292 ut
507 1256 626 1292 recte
656 1246 913 1302 perficerem
944 1256 1048 1291 ante
1079 1262 1232 1291 omnoe
1263 1246 1442 1292 Nisseni
1475 1259 1606 1294 notus
1626 1249 1737 1295 liber
1756 1250 1977 1298 Kritische
2001 1253 2100 1299 Un-

257 1325 583 1382 oetsnchnnyen
632 1323 741 1368 fiber
783 1322 857 1368 die
905 1320 1095 1371 Quellen
1143 1323 1225 1368 der
1269 1328 1431 1369 vierten
1470 1326 1568 1371 und
1593 1326 1767 1384 ftinften
1798 1326 1991 1375 Dekade
2020 1332 2101 1376 des

256 1401 406 1448 livius
436 1401 539 1446 mihi
569 1400 863 1446 consulendus
892 1411 1000 1444 erat.

316 1478 533 1524 Nissenus
578 1487 789 1534 quantum
831 1477 888 1522 de
930 1476 1121 1532 Polybio
1152 1485 1330 1523 meritus
1360 1486 1428 1527 sit.
1460 1490 1503 1524 et
1535 1487 1768 1537 unicuique
1798 1490 1842 1527 in
1874 1484 1940 1528 his
1971 1486 2101 1531 rebus

256 1562 450 1603 versanti
480 1565 633 1601 notum
664 1564 731 1600 at
762 1564 806 1599 et
837 1570 890 1599 ex
911 1570 968 1599 eo
987 1570 1168 1611 quoque
1188 1565 1324 1611 patet.
1346 1557 1482 1612 quod.
1504 1573 1620 1613 quae
1637 1559 1694 1603 de
1714 1559 1829 1604 libro
1851 1559 2101 1617 Polybiano

256 1633 380 1680 XXX
401 1632 672 1679 restituendo
692 1633 947 1687 disputavit,
970 1648 1023 1676 ea
1044 1639 1192 1677 omnia
1212 1633 1305 1677 fere
1326 1643 1444 1679 recte
1459 1649 1558 1679 eum
1575 1635 1868 1692 disputavisse
1881 1646 2098 1695 apparuit.

315 1710 454 1758 Recte
483 1716 598 1756 enim
629 1709 741 1754 vidit
770 1708 841 1764 (1.1.
876 1726 918 1764 p.
957 1710 1039 1754 110
1069 1710 1141 1764 ss.)
1172 1726 1225 1754 ex
1255 1711 1472 1759 omnibus,
1504 1719 1578 1767 qui
1607 1712 1781 1768 Polybii
1802 1723 1959 1761 scrinia
1979 1733 2099 1762 com-

256 1788 518 1845 pilaverunt.
565 1787 891 1843 diligentissime
938 1803 1035 1831 eum
1083 1797 1277 1832 secutum
1308 1804 1405 1833 ase
1437 1788 1700 1838 Diodorum.
1731 1793 1870 1837 verba
1902 1810 1971 1838 res
2002 1811 2099 1840 sen-

255 1872 415 1912 tentias
459 1871 552 1910 eius
596 1871 657 1909 ita
702 1870 981 1919 excerpsisse.
1029 1875 1076 1908 ut
1122 1880 1255 1920 saepe
1294 1862 1499 1913 ‹11'1107—652‘2
1543 1883 1642 1912 eum
1673 1870 1935 1915 exscriberet
1967 1888 2100 1928 saepe

254 1943 521 1990 contrahens
565 1952 609 1987 et
655 1958 736 1987 suo
780 1941 953 1986 dicendi
995 1957 1157 1997 uenere
1202 1958 1304 1987 usus
1339 1959 1366 1987 a
1398 1950 1597 1999 genuinis
1629 1944 1803 2001 Polybii
1835 1948 1983 1994 verbis
2012 1950 2098 1995 dis-

255 2020 459 2067 cederet:
492 2019 663 2065 Livium
694 2029 841 2064 autem
873 2018 943 2073 (1.1.
978 2035 1019 2073 p.
1058 2018 1168 2073 113).
1202 2036 1465 2075 quamquam
1512 2023 1739 2078 complura
1760 2032 1930 2079 patriae
1948 2042 2101 2072 amore

255 2108 300 2144 et
329 2107 426 2143 arte
455 2103 651 2142 oratoria
681 2106 906 2152 permotus
937 2102 1185 2143 mutaverit.
1213 2106 1371 2144 tamen.
1405 2098 1525 2153 quod
1555 2099 1614 2143 ad
1646 2115 1714 2145 res
1743 2108 1913 2149 attinet.
1946 2113 2099 2148 tatem

253 2176 584 2231 locupletiorem
616 2190 725 2221 esse.
757 2174 1008 2228 ubicunque
1037 2180 1076 2218 ei
1109 2173 1187 2217 has
1218 2174 1279 2218 ob
1310 2190 1464 2219 causas
1494 2175 1697 2222 diffidere
1717 2193 1807 2222 non
1829 2186 1883 2223 sit
1899 2195 2098 2226 necesse:

258 2233 538 2298 Plutarchum
570 2262 798 2307 postremo
827 2250 900 2305 (1.1.
933 2266 975 2305 p.
1014 2252 1095 2295 117
1127 2251 1177 2306 s.)
1208 2251 1346 2295 multo
1378 2259 1515 2308 maqis
1546 2254 1695 2299 valere
1725 2254 1782 2299 ad
1816 2254 1926 2300 Livii
1950 2273 2098 2302 narra-

256 2336 399 2376 tionoe
429 2328 727 2385 corrigendas.
760 2344 890 2384 quam
922 2328 980 2372 ad
1012 2335 1145 2384 ipsius
1173 2327 1351 2391 Polybii
1385 2330 1522 2374 verba
1554 2332 1871 2387 investiganda.

315 2405 577 2452 Ceterorum
624 2416 769 2450 autem
799 2404 956 2459 (Plinii.
988 2404 1231 2453 Strabonis,
1269 2405 1435 2462 Iustini)
1467 2417 1555 2451 tam
1588 2424 1727 2463 pauca
1759 2422 1897 2457 erant.
1930 2427 2045 2465 quae
2075 2428 2100 2456 e

258 2482 507 2540 Polybiano
530 2483 654 2528 fonte
674 2483 907 2529 fluxerunt.
925 2493 972 2526 ut
988 2482 1045 2526 de
1061 2482 1127 2527 his
1143 2498 1226 2538 pro
1241 2494 1364 2527 certo
1381 2490 1452 2527 vix
1470 2490 1703 2539 quicquam
1720 2485 1943 2532 affirmare
1958 2487 2097 2533 liceat.

315 2560 569 2617 Appianum
600 2571 762 2607 autem.
793 2575 820 2604 a
853 2558 1048 2604 Nisseno
1068 2559 1140 2613 (1.1.
1163 2576 1205 2615 p.
1235 2561 1316 2604 113
1336 2561 1408 2614 ss.)
1428 2562 1699 2609 dissentiens.
1723 2579 1812 2607 non
1834 2579 1886 2608 ex
1911 2563 2100 2620 Polybio

257 2644 368 2694 ipso.
398 2637 477 2682 sed
508 2652 561 2683 ex
592 2644 806 2693 scriptore
837 2637 1096 2681 intermedio
1118 2637 1311 2681 hausisse
1332 2637 1479 2684 credo.
1502 2645 1623 2683 cuius
1644 2646 1865 2694 opinionis
1886 2648 2098 2686 rationem

257 2714 496 2760 reddidisse
542 2730 611 2759 me
656 2729 787 2768 spero
834 2721 880 2774 in·
923 2714 1253 2769 appendicibus.
1304 2713 1367 2759 lbi
1414 2731 1592 2770 quoque
1633 2723 1779 2760 omnia
1812 2725 2011 2765 tractavi.
2045 2719 2100 2763 de

256 2792 415 2846 quibus
444 2791 570 2836 aliter
602 2791 841 2836 sentiebam
874 2806 926 2835 ac
958 2790 1154 2835 Nisseno
1186 2791 1368 2845 aliisque
1400 2798 1504 2836 viris
1534 2792 1675 2837 doctis
1698 2800 1836 2837 visum
1855 2806 1961 2841 erat.
1986 2811 2099 2850 quae

257 2874 300 2912 in
330 2868 692 2913 adnotationibus
724 2868 917 2912 breviter
948 2867 1153 2921 explicari
1186 2884 1275 2912 non
1309 2879 1524 2923 poterant.
