2430 3632
312 259 335 294 8
984 263 1140 292 OLYMP.
1170 257 1247 299 153,
1276 258 1314 292 1:
1341 262 1415 292 RES
1442 263 1618 292 1TAL1AE.

424 361 618 412 Polybius
1259 373 1262 375 ’
1474 359 1682 400 Diodorus

276 432 413 476 ΧΧΧ,
435 432 663 476 4-5,B-W.
685 432 765 471 Hu.
826 443 853 471 α
881 431 1036 474 ΧΧΧΙ,
1066 431 1102 473 5,
1132 432 1168 470 3,
1198 430 1265 470 Di.
1372 431 1398 471 b
1425 430 1580 475 XXXI,
1610 432 1646 475 5,
1680 433 1712 470 1.
1742 431 1808 471 Di.

276 507 355 553 καὶ
374 507 459 569 τὴν
471 506 767 568 ἀλλοτριότη-
875 505 960 567 τὴν
997 505 1293 568 ἀλλοτριότη-

276 595 329 624 τα
367 583 460 624 τῶν
495 576 769 638 ἀνθρώπων
799 593 853 622 τα
1343 575 1493 639 μηδὲν
1530 576 1581 623 δὲ
1618 575 1838 631 ἀνύοντες

275 648 360 711 τὴν
371 648 494 710 πρὸς
506 646 689 703 αὐτοὺς,
705 649 768 701 εἰς
799 647 884 709 τὴν
895 646 1017 708 πρὸς
1030 645 1215 703 αὐτούς,
1230 649 1294 701 εἰς
1345 646 1412 693 ὧν
1442 644 1743 709 ἐπρέσβευον,
1773 650 1838 702 εἰς

276 720 487 782 ἀθυμίαν
534 719 766 780 ὁλοσχερῆ
799 718 1011 780 ἀθυμίαν
1344 718 1556 780 ἀθυμίαν

275 791 354 837 καὶ
453 791 768 853 δυσχρηστίαν
1306 809 1324 837 5

274 861 527 908 ἐνέπιπτον.
544 861 610 914 ὡς
624 860 674 907 δὲ
688 861 767 906 καὶ
797 859 1051 905 ἐνέπιπτον.
1071 860 1137 913 ὡς
1150 859 1201 906 δὲ
1215 860 1293 906 καὶ
1342 859 1596 916 ἐνέπιπτον,

275 938 367 979 τῶν
397 937 672 994 στρατηγῶν
703 949 767 985 τις
798 935 890 977 τῶν
921 936 1199 993 στρατηγῶν
1229 948 1294 985 τις

275 1003 458 1065 ἀναβὰς
476 1003 550 1049 ἐπὶ
564 1001 673 1056 τοὺς
685 1003 765 1064 ἐμ-
797 1001 1084 1063 συναγαγὼν
1123 1002 1293 1065 ἐκκλη-

274 1074 453 1136 βόλους
513 1073 767 1135 παρεκάλει
797 1073 902 1119 σίαν
946 1073 1201 1135 παρεκάλει
1238 1073 1293 1119 τὰ

274 1144 383 1199 τοὺς
403 1145 576 1208 ὄχλους
594 1144 668 1191 ἐπὶ
686 1144 767 1190 τὸν
797 1143 963 1206 πλήθη
983 1144 1106 1205 πρὸς
1118 1144 1199 1190 τὸν
1211 1162 1336 1193 κα-ιο

275 1216 393 1262 κατὰ
418 1216 605 1262 Ῥοδίων
629 1215 765 1261 πόλε-
798 1214 853 1260 τὰ
863 1215 1051 1261 Ῥοδίων
1067 1215 1287 1278 πόλεμον,

273 1305 377 1349 μον,
419 1287 520 1333 τότε
557 1286 618 1349 δὴ
649 1303 765 1332 παν-
799 1285 899 1332 τόθ’
916 1285 1185 1349 ὁλοσχερῶς
1204 1287 1294 1333 δεί-

274 1358 470 1404 τάπασιν
531 1358 622 1412 ἔξω
683 1362 765 1403 τοῦ
798 1374 959 1411 σαντες

273 1435 465 1491 φρονεῖν
524 1429 766 1491 γενόμενοι

274 1499 349 1546 διὰ
402 1500 482 1546 τὸν
530 1499 635 1561 περὶ
684 1505 767 1562 τῆς
1068 1499 1174 1561 περὶ
1205 1505 1331 1562 τῆςι5

273 1571 497 1632 πατρίδος
548 1571 767 1617 κίνδυνον
796 1571 1022 1632 πατρίδος

273 1644 337 1696 εἰς
367 1640 585 1705 τοιαύτην
612 1641 767 1704 ἦλθον
796 1643 861 1695 εἰς
890 1640 1109 1705 τοιαύτην
1139 1641 1294 1704 ἦλθον

273 1713 484 1759 διάθεσιν
526 1713 643 1759 ὥστε
686 1713 765 1759 καὶ
797 1712 1085 1775 κατάπληξιν
1176 1713 1294 1759 ὥστε

273 1784 388 1847 φαιά
420 1784 580 1846 λαβεῖν
610 1784 764 1846 ἱμάτια
796 1783 1028 1845 πένθιμον
1121 1784 1293 1830 ἀναλα-

274 1855 352 1902 καὶ
375 1855 493 1901 κατὰ
513 1855 594 1908 τὰς
612 1872 764 1916 παρα·
796 1855 897 1916 βεῖν
938 1855 1129 1917 ἐσθῆτα,
1172 1855 1335 1903 κατάεο

274 1926 459 1988 κλήσεις
487 1926 652 1989 μηκέτι
676 1943 765 1972 πα-
797 1926 848 1972 δὲ
868 1925 949 1980 τὰς
965 1925 1188 1980 ἐντεύξεις
1200 1931 1293 1973 τῶν

273 1997 494 2058 ρακαλεῖν
518 1997 633 2060 μηδ’
669 1998 765 2052 ἀξι-
797 1997 945 2059 φίλων
957 1997 1122 2060 μηκέτι
1142 2015 1292 2059 παρα-

274 2073 360 2114 οῦν
419 2066 528 2122 τοὺς
582 2068 760 2130 φίλους,
797 2068 954 2115 καλεῖν
972 2068 1094 2131 μηδὲ
1113 2069 1286 2124 ἀξιοῦν,

274 2138 390 2185 ἀλλά
432 2139 615 2185 δεῖσθαι
651 2139 765 2201 μετὰ
798 2139 914 2185 ἀλλὰ
957 2139 1140 2186 δεῖσθαι
1176 2139 1291 2201 μετὰ
1341 2139 1420 2186 καὶ
1456 2139 1571 2202 μετὰ
1610 2138 1836 2201 δακρύων

274 2209 497 2271 δακρύων
518 2210 667 2272 μηδὲν
686 2211 765 2256 ἀν-
796 2209 1020 2272 δακρύων
1038 2209 1188 2273 μηδὲν
1207 2211 1582 2259 ἀν-25ἐποιοῦντο
1631 2210 1712 2264 τὰς
1761 2211 1833 2257 ἐν·

275 2281 473 2343 ήκεστον
568 2279 765 2342 βουλεύ-
797 2280 997 2343 ηκεστον
1051 2282 1157 2342 περὶ
1207 2282 1290 2327 αὐ-
1340 2280 1521 2336 τεύξεις.

274 2352 450 2398 σασθαι
474 2352 580 2413 περὶ
600 2352 765 2398 αὐτῶν.
796 2357 889 2398 τῶν
964 2351 1290 2414 βουλεύεσθαι.

273 2422 387 2484 μετὰ
419 2422 473 2468 δέ
501 2440 626 2476 τινας
652 2423 765 2485 ημέ-

275 2511 363 2554 ρας
432 2494 767 2555 εἰσαγαγόντος
796 2494 1132 2556 εἰσαγαγόντος
1147 2494 1198 2541 δὲ
1213 2495 1291 2540 αύ-
1341 2495 1677 2557 εἰσαγαγόντος
1691 2494 1741 2541 δὲ
1756 2495 1835 2541 αὐ-

1299 2585 1334 2613 30

327 2680 363 2708 20
407 2668 688 2719 παρακλήσεις]
708 2667 766 2705 ἐν·
850 2679 885 2706 22
939 2671 1180 2716 παρακαλεῖν
1212 2667 1291 2707 Ut-

276 2721 430 2772 τεύέξεις,
462 2721 695 2772 Wesselinq
728 2728 768 2760 et
798 2727 905 2760 sinus
941 2720 1128 2770 Polybio,
1164 2736 1292 2769 παρα-

276 2774 431 2813 Bekker
454 2788 476 2813 e
497 2774 704 2819 Diodoro;
727 2782 767 2813 at
800 2777 931 2813 λιπεῖν.

276 2835 414 2867 contra
442 2827 661 2870 Diodorus,
678 2841 766 2866 ver-

276 2880 331 2920 bo
359 2880 543 2920 cons'ono
581 2896 766 2928 παρακα-

277 2938 353 2971 λεῖν
377 2933 568 2976 offensus.
590 2933 767 2983 ἕντεόὲξεις

276 2993 314 3025 in
347 2990 613 3034 παρακλήσεις
642 2994 767 3026 muta-

276 3046 381 3078 visse
409 3039 575 3078 videtur.

1895 444 1916 472 c
1943 431 2098 477 XXXI.
2128 434 2165 477 5,
2194 434 2230 473 2.
2266 433 2334 473 Di.
