2430 3632
320 286 366 321 32
969 289 1127 319 OLYMP.
1156 283 1235 324 153,
1264 283 1306 318 1:
1333 289 1408 321 RES
1433 290 1653 321 GRAECIAE.

522 388 623 428 Plut.
652 388 768 427 Aem.
798 387 912 427 Paul.
941 401 975 427 c.
1006 387 1069 426 29.
1568 388 1655 428 Liv.
1685 388 1818 432 XLV.
1847 390 2016 432 33-34,
2046 390 2082 428 9.

1347 476 1642 522 transgressus
1696 466 1974 522 Strymonem
2031 468 2146 512 mille
2201 484 2301 523 pas-

1348 554 1470 581 suum
1521 537 1580 581 ab
1631 536 1887 593 Amphipoli
1938 547 2081 582 castra
2127 545 2299 594 posuit;

1348 608 1450 652 inde
1480 608 1703 663 profectus
1736 608 1897 652 Pellam
1929 615 2083 665 quinto
2109 609 2180 654 die
2201 625 2301 665 per-

1347 686 1482 723 venit.
1524 670 1873 735 praetergressus
1914 680 2080 728 urbem,
2113 680 2170 724 ad
2202 679 2300 724 Pel-
2321 691 2340 719 8

1245 755 1247 758 ⁴
1303 760 1321 789 5
1348 750 1503 798 laeum,
1537 750 1657 805 quod
1688 762 1865 798 vocant,
1893 750 2072 795 biduum
2093 761 2300 799 moratus,

1350 820 1398 864 P.
1441 820 1652 865 Nasicam
1695 831 1737 865 et
1780 820 1839 870 Q.
1886 821 2131 866 Maximum
2166 822 2300 867 filium

1348 908 1446 935 cum
1478 901 1603 947 parte
1633 898 1858 947 copiarum
1889 892 1947 935 ad
1967 892 2303 948 depopulandos

1350 962 1534 1017 Illyrios,
1586 969 1660 1017 qui
1713 962 1872 1006 Persea
1923 969 2125 1007 iuverant
2171 963 2302 1010 bello,

1349 1039 1461 1077 misit
1492 1039 1631 1077 iussos
1661 1032 1924 1078 adOricum
1946 1034 2028 1077 sibi
2049 1048 2300 1081 occurrere:

1299 1115 1330 1143 10
1348 1111 1442 1159 ipse
1494 1102 1674 1159 Epirum
1722 1114 1876 1159 petens
1922 1111 2083 1160 q'uintis
2126 1105 2303 1150 decimis

1347 1182 1499 1219 castris
1557 1174 1846 1219 Passaronem
1898 1182 2112 1231 pervenit.
2167 1175 2302 1221 Haud
2324 1178 2380 1220 34

1348 1246 1501 1301 procul
1556 1246 1658 1290 inde
1713 1245 1857 1290 Anicii
1911 1256 2054 1291 castra
2103 1247 2300 1291 aberant.

1348 1317 1406 1360 ad
1452 1333 1581 1372 quem
1627 1317 1779 1361 litteris
1826 1324 1977 1365 missis,
2024 1333 2080 1362 ne
2110 1318 2216 1374 quid
2245 1319 2303 1363 ad

1350 1404 1415 1435 ea,
1450 1404 1565 1443 quae
1596 1388 1765 1435 fierent,
1799 1399 2072 1436 moveretur:
2106 1398 2302 1434 senatum

321 1460 444 1522 ἔχων
494 1459 652 1521 δόγμα
702 1458 973 1520 συγκλήτου
1016 1455 1126 1510 τοὺς
1162 1473 1278 1519 συμ-
1301 1471 1333 1499 15
1352 1458 1560 1514 praedam
1615 1458 1736 1514 Epiri
1787 1465 2041 1507 civitatium.
2089 1476 2204 1515 quae
2247 1461 2305 1504 ad

320 1529 687 1593 μεμαχημένους
721 1529 849 1591 αὐτῷ
880 1528 965 1590 τὴν
994 1528 1117 1590 πρὸς
1147 1528 1278 1588 Περ·
1353 1529 1513 1574 Persea
1563 1530 1836 1577 defecissent,
1884 1537 2089 1575 exercitui
2133 1530 2306 1576 dedisse
2377 1528 2380 1532 ’

321 1601 404 1648 σέα
466 1601 627 1664 μάχην
688 1599 970 1661 στρατιώτας
1031 1598 1125 1646 ἀπὸ
1187 1603 1279 1644 τῶν
1352 1617 1445 1649 suo,
1494 1607 1631 1644 missis
1676 1602 2003 1645 centurionibus
2038 1608 2083 1645 in
2113 1602 2304 1658 singulas
2324 1613 2342 1641 2

320 1674 420 1719 ἐκεῖ
450 1673 635 1719 πόλεων
672 1671 922 1734 ὠφελῆσαι.
1352 1673 1494 1720 urbes,
1543 1679 1616 1727 qui
1663 1689 1709 1716 se
1755 1673 1949 1717 dicerent
1989 1673 2047 1717 ad
2088 1674 2305 1729 praesidia

1350 1743 1607 1787 deducenda
1641 1750 1826 1791 venisse,
1860 1754 1907 1787 ut
1938 1744 2061 1788 liberi
2094 1743 2306 1800 Epirotae

1297 1827 1333 1855 20
1351 1821 1460 1859 sicut
1493 1814 1770 1859 Macedones
1802 1824 1957 1859 essent.

286 1903 302 1929 2
321 1886 614 1948 βουλόμενος
646 1885 697 1931 δὲ
731 1891 871 1932 πᾶσιν
906 1885 1004 1947 ἅμα
1031 1884 1110 1930 καὶ
1134 1884 1279 1947 μηδε-

327 1958 403 2011 νὸς
469 1957 835 2019 προσδοκῶντος
899 1955 993 2002 ἀλλ’
1058 1956 1281 2018 ἐξαίφνης

319 1104 563 1159 ἀνέζευξεν
599 1102 673 1149 ἐπὶ
710 1101 795 1164 τὴν
820 1101 1064 1162 ’Ἠπειρον,

322 2030 563 2083 ἐπιπεσεῖν,
617 2027 949 2090 μετεπέμψατο
998 2025 1107 2080 τοὺς
1148 2025 1279 2087 πρώ-

323 2117 431 2154 τους
491 2100 541 2153 ἐξ
600 2099 801 2161 ἑκάστης
859 2098 1043 2152 πόλεως
1101 2097 1279 2158 ἄνδρας

1636 2028 1774 2072 denos
1807 2035 2023 2084 principes
2054 2045 2107 2073 ex
2128 2029 2306 2085 singulis

1352 2106 1558 2143 evocavit
1598 2100 1875 2146 civitatibus:
1913 2100 2070 2155 quibus
2100 2116 2197 2144 cum
2229 2101 2305 2145 de-

323 2171 450 2226 ὂέκα,
499 2170 578 2216 καὶ
620 2170 906 2232 προσέταξεν
949 2169 1118 2224 αὐτοῖς,
1167 2169 1280 2222 ὅσος
1298 2182 1332 2211 25
1351 2177 1605 2218 nuntiasset,
1638 2180 1685 2214 ut

324 2242 536 2304 ἄργυρός
571 2242 663 2288 ἐστι
700 2241 779 2287 καὶ
816 2239 994 2303 χρυσὸς
1030 2240 1079 2286 ἐν
1115 2240 1281 2293 οἰκίαις

325 2313 403 2359 καὶ
444 2315 595 2374 ἱεροῖς,
638 2312 793 2374 ἡμέρᾳ
830 2313 950 2374 ῥητῇ
989 2310 1278 2373 καταφέρειν.

382 3037 432 3065 4-5
486 3025 551 3064 ad
593 3024 897 3066 Pellaeum,

1353 2258 1505 2285 aurum
1551 2251 1685 2296 atque
1730 2251 1957 2297 argentum
2003 2248 2046 2285 in
2085 2243 2304 2298 publicum

1352 2312 1633 2367 proferretur,
1701 2329 1706 2334 ·

1406 2506 1457 2534 4-5
1512 2493 1820 2545 Pellaeum]
1870 2494 2307 2546 Weissenborq—-He-

1354 2561 1480 2590 taeus.
1522 2554 1629 2586 tatus
1669 2547 1834 2587 heroum
1871 2547 2033 2587 indicari
2060 2562 2162 2592 eum,
2190 2563 2307 2599 quem

1354 2600 1492 2651 Steph.
1535 2600 1633 2651 Byz.
1676 2614 1749 2639 s.v.
1795 2600 1937 2639 Πέλλα
1981 2601 2130 2641 Pellam
2171 2601 2307 2642 urbem

1353 2653 1581 2694 condidisse
1622 2653 1752 2697 tradit,
1793 2668 1817 2693 a
1849 2668 1928 2704 qua
1956 2660 2134 2705 proxime
2162 2655 2308 2695 afuisse

1354 2707 1486 2747 locum
1514 2706 1639 2746 verba
1665 2706 1767 2746 Livii
1795 2707 2023 2751 ostendunt.
2050 2708 2247 2758 paeleum.

1410 2773 1494 2801 13-14
1548 2760 1613 2799 ad
1655 2774 1727 2803 ea,
1770 2774 1912 2810 quae
1955 2760 2200 2813 fierent.]
2243 2761 2305 2802 ed.

1355 2814 1444 2853 Bas.
1483 2814 1595 2857 1531.
1624 2812 1940 2863 eaadqueffieret,

1410 2880 1441 2907 17
1487 2880 1591 2910 suo,
1629 2867 1814 2918 missis]
1858 2866 2043 2918 Madvig.
2063 2873 2305 2908 suosmissis.

939 3037 966 3073 q
981 3038 1007 3062 u
1022 3036 1048 3062 o
1063 3022 1090 3061 d
1131 3036 1159 3060 v
1174 3035 1201 3061 o
1216 3035 1238 3061 c
1253 3035 1277 3060 a
1292 3035 1318 3060 n
1333 3020 1363 3072 t]
1408 3026 1632 3060 versionem
1661 3020 1846 3071 produnt.

385 3091 416 3118 10
471 3078 666 3128 ἁνέζευξευ
695 3091 729 3117 e.
758 3092 796 3126 q.
826 3077 873 3127 s.]
931 3076 997 3115 De
1025 3075 1202 3126 Appiani
1231 3073 1337 3124 Illyr.
1367 3075 1401 3113 9-
1420 3073 1513 3114 vide
1540 3088 1633 3125 app.
1663 3073 1750 3113 XII.
