2430 3632
1084 551 1463 603 OLYMP.153‚
1495 555 1537 597 2.

967 645 994 685 Ι.
1078 645 1237 685 RES
1298 645 1654 687 ITALIAE.

904 736 952 771 Α.
1002 736 1237 779 Triumphus
1273 736 1412 772 ducum
1448 737 1717 772 Romanorum.

494 853 596 893 Plut.
625 853 741 893 Aem.
771 852 885 892 Paul.
916 867 949 892 c.
980 854 1149 893 30—31.
1454 854 1540 894 Liv.
1570 835 1702 897 XLV.
1733 854 1902 897 35—37‚
1932 855 1982 899 2:
2011 855 2074 898 39.
2104 855 2246 894 3—20.

1349 932 1533 976 Romam
1580 939 1764 987 primum
1812 949 1938 988 reges
1981 939 2158 988 captivi,
2193 932 2297 977 Per·
2320 935 2390 977 35.

1347 1020 1445 1047 seus
1491 1013 1534 1047 et
1580 1002 1780 1051 Gentius,
1828 1010 1871 1047 in
1917 1005 2159 1048 custodiam
2200 1020 2296 1048 cum

1347 1074 1492 1118 liberis
1537 1074 1729 1122 abducti,
1776 1074 1876 1118 dein
1919 1074 2047 1118 turba
2077 1075 2163 1119 alia
2193 1091 2298 1131 cap-

1348 1153 1551 1193 tivorum,
1585 1156 1689 1193 tum,
1718 1147 1875 1201 quibus
1899 1146 2200 1190 Macedonum
2221 1147 2298 1191 de-

1301 1227 1319 1255 5
1346 1224 1590 1261 nuntiatum
1632 1227 1739 1265 erat,
1782 1227 1829 1261 ut
1866 1208 2052 1261 Romam
2083 1224 2297 1266 venirent,

1347 1293 1710 1344 principum<que>
1781 1287 2024 1332 Graeciaet
2097 1305 2195 1332 nam
2269 1295 2296 1332 ii
2318 1299 2336 1328 2

1348 1375 1526 1414 quoque
1576 1375 1666 1402 non
1712 1359 1851 1403 solum
1890 1368 2142 1414 praesentes
2170 1366 2295 1404 exciti

1348 1439 1484 1477 erant,
1533 1429 1609 1473 sed
1655 1436 1798 1477 etiam,
1841 1436 1876 1473 si
1918 1436 1991 1486 qui
2022 1430 2141 1485 apud
2173 1446 2298 1486 reges

1345 1516 1439 1544 esse
1475 1501 1745 1548 dicebantur,
1779 1501 1930 1544 litteris
1959 1507 2153 1545 arcessiti
2184 1511 2296 1546 sunt.

318 1569 542 1616 κάκεῖθεν
583 1570 647 1622 εἰς
677 1568 874 1614 Ἰταλίαν
909 1567 1023 1629 μετὰ
1060 1577 1153 1614 τῶν
1189 1568 1271 1613 dv-
1293 1581 1325 1610 10
1345 1570 1505 1615 Paulus
1550 1578 1645 1627 ipse
1690 1581 1790 1627 post
1836 1571 1929 1615 dies
1970 1588 2135 1627 paucos
2175 1579 2296 1628 regia
2317 1582 2335 1612 3

1413 1724 1432 1752 6
1485 1718 1622 1762 <que>
1649 1711 1740 1751 add.
1770 1711 1833 1751 ed.
1863 1711 1953 1751 Bas.
1989 1711 2100 1751 1531.

370 1837 587 1888 Olymp.
650 1837 734 1880 153.
791 1837 827 1875 2.
889 1835 996 1875 Res
1056 1835 1297 1887 ltaliae]
1364 1835 1620 1886 Steiqemann
1673 1834 1743 1875 De
1797 1834 1958 1887 Polybii
2009 1835 2299 1888 Olympiadum

317 1896 483 1933 ratione,
513 1904 750 1941 quamquam
778 1904 817 1939 ρ.
851 1891 899 1929 16
927 1889 1126 1933 dubitans,
1155 1897 1287 1929 tamen
1315 1903 1409 1940 paq.
1439 1891 1492 1928 43
1519 1903 1671 1929 novum
1700 1888 1840 1929 librum
1866 1889 1919 1929 ab
1946 1889 2006 1929 his
2034 1890 2151 1929 rebus
2167 1890 2298 1930 ltaliae

315 1950 486 1994 incipere
514 1943 744 1988 contendit;
774 1948 912 1982 iniuria
939 1951 1083 1986 tamen,
1112 1957 1202 1982 cum
1230 1957 1292 1982 res
1320 1942 1575 1993 Olympiadis
1607 1942 1693 1986 153,
1728 1944 1742 1981 l
1774 1949 1873 1982 tanti
1900 1942 2070 1982 ambitus
2083 1957 2168 1983 non
2185 1944 2299 1983 vide-

315 2007 441 2040 antur,
484 2004 527 2037 ut
567 2011 591 2036 a
632 1996 921 2036 consuetudine
963 1995 1125 2047 Polybii
1153 1996 1257 2036 duos
1285 2010 1414 2035 annos
1442 2010 1524 2035 uno
1553 1995 1655 2036 libro
1682 1995 1983 2047 complectentis
2013 1996 2298 2047 (Wachsmuth

315 2050 546 2100 Einleitun9
575 2055 597 2089 i.
627 2050 666 2089 d.
697 2049 881 2089 Studium
909 2049 948 2088 d.
978 2050 1087 2089 alten
1118 2048 1367 2089 Geschichte
1394 2064 1433 2100 p.
1463 2049 1554 2100 646)
1581 2049 1775 2089 decedere
1803 2050 1930 2089 liceat.
1960 2049 2087 2094 Quod
2100 2058 2232 2090 autem
2245 2050 2298 2090 ad

315 2103 438 2143 verba
461 2104 575 2148 τέλος
598 2108 665 2141 τοῦ
691 2103 727 2141 λ’
754 2104 874 2153 λόγου
894 2108 933 2142 in
949 2102 1048 2142 Exc.
1065 2103 1182 2142 Ursf·
1202 2104 1265 2146 28,
1285 2103 1335 2142 de
1351 2102 1461 2143 Boor
1475 2117 1566 2153 paq.
1585 2103 1635 2142 59
1650 2109 1690 2142 in
1704 2102 1783 2142 fine
1798 2109 1949 2146 attinet,
1964 2102 2057 2143 vide
2069 2117 2162 2154 app.
2178 2103 2295 2143 XIV.

387 2170 396 2197 ι
456 2156 491 2195 R
507 2170 534 2196 o
549 2171 586 2195 m
601 2171 624 2196 a
639 2171 676 2196 m
713 2156 839 2207 e.q.s.]
883 2155 987 2195 Cum
1015 2170 1066 2195 ex
1093 2156 1232 2196 ordine
1259 2163 1580 2206 argumentorum
1608 2163 1647 2195 et
1675 2170 1725 2195 ex
1743 2161 1802 2199 iis,
1817 2170 1920 2206 quae
1936 2156 2170 2196 Plutarchus
2183 2156 2298 2207 plura

313 2210 443 2254 tradit,
471 2217 662 2260 appareat
689 2209 844 2249 Livium
871 2224 919 2248 ac
948 2209 1201 2249 Plutarchum
1229 2223 1478 2249 communem
1507 2209 1657 2249 fontem
1690 2209 1847 2253 adiisse,
1867 2208 2065 2249 Nissenus
2084 2209 2137 2261 (p.
2158 2211 2235 2250 277
2250 2224 2295 2254 s..

315 2264 405 2314 304)
446 2263 551 2303 hunc
594 2263 744 2302 fontem
781 2262 980 2302 annalium
1009 2269 1241 2313 scriptorem
1270 2262 1390 2302 fuisse
1418 2269 1543 2313 putat,
1572 2268 1665 2312 quia
1693 2262 1795 2303 Livii
1823 2262 1947 2302 verba
1973 2262 2150 2303 colorem
2177 2262 2298 2303 valde

314 2317 550 2356 rhetoricum
585 2316 733 2355 habent
761 2323 800 2355 et
828 2330 861 2355 c.
891 2317 954 2359 38,
985 2316 1009 2354 7
1038 2316 1261 2366 sepulcrum
1290 2315 1489 2366 Scipionis
1518 2315 1870 2355 Africani'Litemi
1898 2315 2018 2356 fuisse
2045 2323 2295 2360 memoratur.

314 2384 415 2420 quae
458 2375 597 2420 opinio
638 2377 698 2409 est
739 2368 892 2408 Valerii
934 2369 1108 2408 Antiatis
1150 2368 1314 2420 (Nissen
1354 2384 1393 2420 p.
1438 2369 1540 2420 219).
1592 2368 1661 2413 At,
1690 2383 1793 2419 quae
1820 2368 1871 2409 de
1899 2368 2088 2420 Scipione
2116 2369 2294 2421 legimus,

313 2428 461 2474 quippe
489 2423 600 2473 quod
628 2428 667 2462 in
695 2428 922 2473 egressione
951 2428 1125 2462 oratoria
1152 2428 1417 2465 inveniuntur,
1446 2422 1575 2466 Livio,
1604 2428 1705 2462 sicut
1729 2422 1806 2462 alia
1820 2422 2026 2466 eiusmodi,
2042 2422 2151 2463 licuit
2169 2423 2295 2463 unde-

313 2490 480 2526 cumque
521 2484 680 2526 petere;
722 2484 816 2519 tum,
849 2481 881 2514 si
914 2481 1163 2526 egressiones
1190 2475 1418 2519 rhetoricas,
1447 2489 1547 2526 quas
1574 2483 1782 2526 tantopere
1809 2483 1916 2515 amat
1943 2476 2091 2519 Livius.
2120 2483 2294 2527 praeter-

312 2535 510 2572 mittimus,
552 2529 592 2568 id
633 2537 704 2572 est.
748 2535 779 2568 si
821 2536 970 2568 textum
1000 2528 1199 2568 Plutarchi
1227 2536 1464 2579 spectamus,
1493 2528 1640 2568 nullam
1668 2535 1826 2568 nimiam
1854 2535 1934 2568 vim
1961 2529 2196 2569 rhetoricam
2223 2529 2294 2570 de-

312 2582 612 2633 prehendemus.
655 2582 918 2622 Communem
946 2590 1077 2621 autem
1107 2581 1257 2622 fontem
1286 2581 1406 2621 fuisse
1435 2582 1648 2632 Polybium
1676 2588 1715 2621 in
1744 2588 1932 2622 universo
1959 2596 2009 2622 ex
2036 2596 2088 2622 eo
2115 2590 2293 2633 apparet,

312 2636 422 2686 quod
449 2641 621 2675 narratio
649 2635 815 2675 Liviana
842 2649 931 2674 cum
960 2635 1092 2674 verbis
1120 2634 1320 2675 Plutarchi
1343 2643 1575 2686 comparata
1593 2649 1751 2675 omnem
1770 2635 1875 2675 illam
1894 2641 2087 2676 rationem
2105 2636 2292 2680 ostendit,

312 2703 414 2739 quae
442 2688 543 2728 Livii
571 2695 610 2727 in
638 2689 770 2728 verbis
798 2688 959 2739 Polybii
986 2688 1187 2728 vertendis
1214 2694 1376 2739 propria
1403 2696 1474 2728 est,

367 2754 416 2782 1-9
470 2742 505 2780 R
521 2755 548 2781 o
563 2756 600 2781 m
615 2756 765 2781 am—-s
780 2757 805 2780 u
823 2741 907 2792 nt.]
966 2741 1184 2781 Auctorem
1227 2741 1441 2792 Polybium
1474 2741 1719 2781 demonstrat
1745 2749 1931 2781 accurata
1959 2748 2138 2793 cognitio
2165 2755 2292 2782 rerum

312 2794 506 2835 Graeciae
547 2801 792 2835 conveniens
836 2809 925 2834 cum
969 2794 1145 2845 Polybio
1186 2794 1295 2845 apud
1337 2795 1491 2835 Livium
1534 2809 1568 2834 c.
1598 2796 1661 2838 32.
1691 2796 1728 2839 3,
1757 2801 1849 2834 item
1877 2793 2015 2839 XXX,
2050 2796 2107 2838 13.
2136 2796 2162 2835 6
2189 2795 2290 2846 (Liv.

311 2862 344 2887 c.
388 2849 451 2891 31.
487 2849 525 2898 9)
554 2854 750 2898 principes
778 2847 1048 2887 Macedoniae
1076 2855 1115 2887 et
1144 2847 1339 2888 Graeciae
1365 2854 1406 2887 in
1434 2848 1583 2887 Italiam
1611 2854 1822 2888 arcessitos
1849 2848 2081 2899 perhibenti.
2120 2847 2184 2888 Ex
2202 2848 2290 2888 Pol.

311 2900 448 2944 XXX,
492 2902 527 2944 7.
571 2901 608 2944 9.
650 2909 689 2940 et
730 2901 815 2940 Liv.
846 2915 879 2940 c.
909 2902 973 2944 31,
1007 2902 1160 2940 13—14
1188 2908 1355 2951 apparet
1382 2907 1499 2940 etiam
1527 2909 1638 2941 extra
1665 2901 1875 2942 Graeciam
1904 2901 2080 2941 fautores
2108 2901 2240 2941 Persei
2266 2916 2292 2941 a

312 2954 503 2994 Romanis
530 2960 792 3004 investigatos
820 2962 859 2993 et
886 2959 970 2993 sine
998 2953 1124 2994 dubio
1153 2954 1322 2994 Romam
1356 2960 1491 2994 venire
1519 2961 1649 2994 iussos
1677 2968 1776 2994 esse.

366 3019 397 3047 10
451 3015 583 3057 post
624 3007 748 3046 dies
790 3020 1020 3057 paucos.
1080 3019 1111 3047 10
1134 3026 1163 3053 p.
1184 3019 1219 3048 37
1274 3021 1494 3057 paucos
1535 3015 1669 3058 post
1709 3007 1850 3059 dies]
1901 3007 2161 3048 Conveniunt
2201 3021 2290 3047 cum

311 3060 486 3111 Polybio
513 3060 622 3110 apud
650 3060 735 3100 Liv.
765 3074 799 3099 c.
829 3061 892 3103 34.
923 3060 959 3098 9.
