2430 3632
339 247 385 283 28
988 250 1145 280 OLYMP.
1175 244 1251 288 153,
1280 245 1321 280 1:
1348 250 1423 281 RES
1449 250 1668 281 GRAECIAE.

655 349 779 389 Diod.
809 348 963 392 XXXI,
992 349 1028 387 6.
1496 349 1581 388 Liv.
1612 349 1745 393 XLV.
1774 351 1837 393 31,
1871 351 2045 396 12-15;
2074 352 2137 395 32.
2171 353 2282 392 1—7.

336 426 652 489 φανεστάτους
689 424 866 485 ἄνδρας
903 423 1022 484 ὑπὲρ
1060 423 1206 486 δόξης
1237 424 1600 487 ἁμιλλωμένους,
1643 424 1695 471 δι’
1737 424 1804 471 ὧν
1842 426 2023 472 ἅπαντα
2061 426 2232 490 σχεδὸν
2262 426 2317 473 τὰ

335 498 526 560 μέγιστα
582 505 646 558 τῷ
695 495 835 557 δήμῳ
890 494 1248 556 κατορθοῦνται.
1304 495 1354 542 ἐν
1407 495 1494 556 μὲν
1544 495 1637 558 γὰρ
1686 502 1781 549 τοῖς
1824 496 1981 551 ἄλλοις
2016 496 2317 560 πολιτεύμασι

334 569 676 632 ζηλοτυποῦσιν
718 566 963 629 ἀλλήλους,
1001 565 1215 627 Ῥωμαῖοι
1252 566 1304 612 ὁὲ
1340 566 1618 613 ἐπαινοῦσιν.
1655 567 1706 621 ἐξ
1743 567 1801 613 οὗ
1838 569 2083 630 συμβαίνει
2119 568 2316 631 μάλιστα

334 638 443 693 τοὺς
478 639 564 701 μὲν
600 638 825 699 πράσσειν
861 636 916 682 τὰ
948 636 1167 683 κάλλιστα
1198 641 1291 683 τῶν
1320 637 1488 700 ἔργων,
1525 638 1878 700 ἁμιλλωμένους
1908 639 2064 693 αὔξειν
2094 640 2146 686 τὸ
2178 645 2316 703 κοινῇ

332 710 587 773 συμφέρον,
646 707 756 762 τοὺς
811 708 852 754 δ’
911 707 1084 761 σίλλους
1137 708 1535 763 ἀδικοόοξοῦντας
1589 709 1667 755 καὶ
1723 709 1804 763 τὰς
1840 710 2056 773 ἀλλήλων
2091 710 2316 773 ἐπιβολὰς
2342 726 2360 754 5

332 780 703 844 λυμαινομένους
737 779 959 842 βλάπτειν
995 778 1080 841 τὴν
1116 779 1329 841 πατρίδα.

282 875 312 902 12
392 863 564 907 Aetolis
609 862 792 905 dimissis
838 860 1120 904 Acarnanum
1167 867 1300 904 citata
1346 876 1465 916 gens
1514 868 1558 904 in
1589 861 1654 905 his
1686 862 1791 905 nihil
1822 871 2048 910 novatum,
2080 869 2160 906 nisi
2192 863 2313 918 quod

281 946 313 974 ¹3
335 934 501 979 Leucas
533 942 734 988 exempta
765 941 829 976 est
861 931 1143 975 Acarnanum
1175 931 1375 975 concilio.
1409 932 1664 987 quaerendo
1695 932 1854 976 deinde
1880 932 2020 981 latius,
2044 940 2117 988 qui
2139 934 2313 989 publice

331 1016 407 1050 aut
444 1011 647 1061 privatim
685 1010 872 1059 partium
911 1009 1024 1058 regis
1056 1002 1249 1050 fuissent,
1282 1009 1326 1046 in
1357 1002 1509 1046 Asiam
1541 1019 1719 1059 quoque
1750 1010 2046 1059 cognitionem
2078 1005 2313 1049 extendere

281 1090 310 1115 14
333 1088 375 1121 et
406 1077 463 1120 ad
494 1076 716 1120 Antissam
748 1081 792 1118 in
825 1074 970 1118 Lesbo
1001 1073 1141 1117 insula
1171 1073 1427 1118 diruendam
1458 1080 1544 1119 <ac>
1574 1072 1868 1119 traducendos
1886 1075 2197 1131 Methymnam
2214 1076 2309 1120 An-
2333 1087 2366 1115 ¹0

332 1155 513 1192 tissaeos
551 1147 804 1191 Labeonem
842 1152 1062 1192 miserunt,
1096 1144 1217 1200 quod
1247 1144 1534 1193 Antenorem.
1567 1153 1733 1201 regium
1766 1147 2048 1201 praefectum,
2081 1163 2170 1202 quo
2202 1156 2310 1191 tem-

331 1235 439 1275 pore
484 1235 581 1262 cum
627 1217 780 1261 lembis
825 1223 939 1260 circa
981 1216 1169 1260 Lesbum
1202 1225 1315 1260 esset
1346 1226 1547 1271 vagatus,
1580 1226 1710 1271 portu
1742 1227 1964 1272 receptum
1995 1211 2311 1263 commeatibus

279 1303 308 1330 15
330 1298 551 1335 iuvissent.
609 1289 698 1333 duo
750 1294 889 1332 securi
934 1293 1126 1342 percussi
1172 1293 1254 1330 viri
1301 1293 1504 1342 insignes,
1552 1287 1846 1336 Andronicus,
1893 1288 2137 1333 Andronici
2182 1289 2308 1338 filius,

330 1362 528 1408 Aetolus,
576 1360 696 1416 quod
743 1370 911 1415 patrem
958 1368 1130 1402 secutus
1175 1374 1296 1402 arma
1343 1368 1497 1402 contra
1534 1358 1743 1414 populum
1777 1359 2023 1403 Romanum
2055 1360 2232 1413 tulisset,
2265 1370 2309 1405 et

329 1433 434 1477 Neo
464 1432 719 1478 Thebanus,
752 1447 841 1486 quo
872 1439 1054 1474 auctore
1085 1435 1338 1473 societatem
1370 1446 1467 1474 cum
1501 1429 1664 1474 Perseo
1695 1437 1936 1474 iunxerant.
2332 1442 2364 1471 15

251 1507 304 1548 32
388 1504 471 1548 His
513 1520 654 1548 rerum
696 1512 970 1546 externarum
1002 1501 1327 1556 cognitionibus
1358 1507 1624 1556 interpositis
1657 1501 1958 1546 Macedonum
1990 1518 2136 1546 rursus
2166 1502 2307 1547 advo-

290 1588 306 1615 2
328 1586 470 1620 catum
522 1575 780 1620 concilium;
833 1579 1176 1628 pronuntiatum,
1224 1572 1344 1627 quod
1389 1572 1447 1615 ad
1493 1581 1651 1616 statum
1701 1572 2000 1617 Macedoniae
2045 1573 2306 1628 pertinebat,

328 1657 564 1694 senatores,
598 1662 709 1701 quos
740 1644 985 1703 synhedros
1017 1652 1193 1690 vocant,
1228 1643 1438 1698 legendos
1470 1659 1577 1691 esse,
1611 1660 1796 1699 quorum
1828 1645 2011 1688 consilio
2043 1660 2111 1688 res
2132 1644 2307 1700 publica

289 1719 711 1763 3administraretur.
774 1722 951 1759 nomina
997 1714 1156 1758 deinde
1201 1724 1300 1758 sunt
1346 1721 1526 1758 recitata
1568 1721 1810 1770 principum
1845 1715 2161 1763 Macedonum,
2194 1732 2306 1771 quos

325 1807 420 1834 cum
468 1790 613 1833 liberis
659 1787 895 1831 maioribus
941 1802 1071 1841 quam
1119 1785 1364 1840 quindecim
1410 1801 1551 1829 annos
1597 1792 1709 1830 natis
1755 1786 2019 1841 praecedere
2060 1793 2103 1830 in
2137 1786 2304 1831 Italiam
2325 1774 2362 1826 2ἶ)

289 1873 304 1899 ⁴
327 1862 530 1916 placeret.
578 1860 635 1908 id,
669 1866 807 1914 prima
839 1864 984 1912 specie
1015 1873 1208 1903 saevom,
1243 1872 1343 1900 mox
1374 1863 1578 1912 apparuit
1610 1857 1870 1901 multitudini
1899 1857 2200 1902 Macedonum
2223 1874 2305 1913 pro

325 1933 525 1976 libertate
555 1947 631 1974 sua
665 1946 759 1974 esse
789 1929 965 1973 factum.
998 1934 1209 1971 nominati
1241 1937 1340 1971 sunt
1372 1934 1484 1971 enim
1517 1934 1631 1983 regis
1662 1934 1788 1972 amici
1820 1935 2148 1984 purpuratique,
2171 1929 2304 1973 duces

325 2009 601 2049 exercituum,
649 2001 858 2057 praefecti
904 2006 1082 2043 navium
1128 2008 1203 2042 aut
1250 1998 1578 2054 praesidiorum,
1626 2005 1791 2043 servire
1826 2005 1919 2054 regi
1950 1999 2178 2048 humiliter,
2210 2000 2304 2044 aliis

287 2086 303 2112 5
325 2075 513 2128 superbe
559 2080 774 2128 imperare
814 2072 1010 2117 adsueti;
1044 2070 1310 2125 praedivites
1341 2070 1426 2117 alii,
1459 2070 1544 2117 alii,
1577 2086 1689 2125 quos
1720 2070 1896 2114 fortuna
1927 2086 2017 2114 non
2048 2080 2303 2126 aequarent,

325 2145 389 2188 his
435 2145 676 2200 sumptibus
722 2159 877 2199 pares:
920 2149 1065 2198 regius
1096 2142 1297 2185 omnibus
1331 2148 1470 2185 victus
1503 2147 1784 2196 vestitusque,
1816 2141 1920 2184 nulli
1951 2142 2089 2185 civilis
2118 2148 2301 2190 animus,
2322 2153 2358 2181 25

287 2227 304 2254 6
325 2232 467 2271 neque
512 2216 655 2270 legum
702 2230 846 2270 neque
891 2214 1102 2257 libertatis
1147 2228 1318 2279 aequae
1363 2218 1546 2267 patiens.
1595 2228 1746 2255 omnes
1792 2218 1935 2267 igitur,
1969 2219 2042 2267 qui
2073 2219 2117 2256 in
2147 2212 2303 2268 aliquis

324 2293 566 2330 ministeriis
597 2293 739 2342 regiis,
772 2292 901 2329 etiam
934 2291 1007 2340 qui
1039 2291 1082 2327 in
1114 2283 1406 2339 legationibus
1436 2283 1622 2330 fuerant,
1654 2290 1755 2330 iussi
1789 2282 2060 2327 Macedonia
2092 2284 2303 2328 excedere

287 2369 302 2395 ⁷
324 2367 457 2413 atque
502 2365 545 2401 in
593 2357 759 2401 Italiam
806 2363 895 2400 ire:
944 2362 1017 2411 qui
1063 2371 1153 2399 non
1200 2361 1413 2409 paruisset
1458 2361 1655 2409 imperio,
1704 2370 1820 2398 mors
1865 2354 2134 2398 denuntiata.
2181 2354 2301 2410 leges

325 2428 622 2473 Macedoniae
667 2429 786 2472 dedit
832 2444 928 2472 curn
976 2436 1098 2470 tanta
1144 2442 1261 2473 cura,
1310 2435 1356 2469 ut
1397 2441 1486 2469 non
1518 2425 1716 2469 hostibus
1747 2432 1886 2472 victis.
1920 2426 1996 2469 sed
2028 2419 2156 2470 sociis
2187 2425 2301 2469 bene

324 2507 484 2543 meritis
529 2500 635 2543 dare
665 2500 900 2546 videretur,
934 2508 977 2542 et
1009 2514 1117 2553 quas
1149 2513 1204 2540 ne
1235 2513 1336 2540 usus
1367 2496 1541 2551 quidem
1573 2496 1709 2551 longo
1742 2506 1953 2550 tempore,
1987 2503 2060 2551 qui
2093 2513 2202 2540 unus
2234 2506 2299 2540 est

324 2571 466 2626 legum
498 2581 733 2618 corrector,
766 2569 1032 2625 experiendo
1062 2577 1279 2623 argueret.

376 2718 408 2746 10
461 2713 501 2748 <a
516 2713 555 2749 c>
595 2704 686 2744 add
716 2704 986 2755 Wesenberg

376 2771 409 2799 18
462 2766 783 2801 senatores,
825 2771 968 2808 quos
1010 2756 1342 2807 synhedros
1383 2755 1628 2807 vocant,]
1671 2755 1733 2795 ed.
1765 2755 1854 2795 Bas
1890 2756 2000 2795 1531
2046 2753 2299 2794 Senatoreis-

320 2812 658 2863 quossymdedios
687 2820 841 2851 vocant.

373 2879 406 2905 27
461 2880 487 2915 q
501 2881 526 2905 u
542 2871 553 2904 i
595 2871 606 2903 i
621 2879 646 2904 n
689 2865 700 2903 l
716 2879 738 2904 e
753 2879 778 2915 g
794 2879 817 2903 a
832 2872 847 2904 t
862 2870 873 2903 i
889 2878 916 2904 o
930 2878 956 2903 n
971 2869 983 2903 i
998 2863 1025 2903 b
1040 2879 1066 2903 u
1081 2863 1115 2914 s]
1160 2863 1363 2913 Kreyssig,
1393 2861 1972 2912 quiinmisteriislegationibus.

376 3001 407 3028 18
461 2996 780 3031 senatores,
827 3001 968 3037 quos
1013 2986 1342 3037 synhedros
1390 2986 1633 3036 vocant,]
1684 2985 1797 3024 Haec
1838 2999 1887 3024 ex
1930 2984 2090 3035 Polybii
2131 2983 2298 3024 Graecis

320 3056 435 3081 versa
462 3055 549 3081 esse
577 3049 742 3092 apparet
758 3058 767 3086 3
796 3041 846 3080 cf.
875 3040 1026 3080 Nissen
1054 3055 1092 3090 p.
1124 3041 1212 3079 277.
