2430 3632
326 258 372 294 34
1019 262 1176 292 οιγΜΡ.
1204 257 1282 300 153,
1310 257 1353 292 1;
1380 262 1455 294 RES
1480 263 1613 293 ASlAE.

840 397 882 432 Ε.
933 397 1077 432 Paulus
1102 403 1141 432 et
1167 397 1329 432 Anicius
1353 400 1392 432 in
1418 398 1569 433 Italiam
1595 400 1788 433 traiciunt.

526 503 628 542 Plut.
658 502 773 542 Aem.
803 501 918 541 Paul.
947 515 981 541 c.
1012 503 1074 542 30.
1601 502 1688 542 Liv.
1717 502 1846 546 XLV.
1876 504 1939 547 34,
1969 504 2110 543 7—14.

327 573 411 624 30.
486 571 704 634 Αἰμίλιος
739 571 826 633 μὲν
863 570 950 616 οὗν
985 575 1123 618 τοῦτο
1159 571 1281 632 πρά-

327 646 412 699 ξας
447 643 643 706 μάλιστα
681 641 811 703 παρὰ
843 641 929 705 τὴν
964 641 1110 688 αὑτοῦ
1141 641 1281 704 φύσιν

325 716 503 777 ἐπιεικῆ
577 713 656 760 καὶ
728 713 939 776 χρηστὴν
1006 712 1153 759 οὖσαν
1215 714 1280 767 εἰς
1906 717 2065 762 Paulus
2095 718 2154 762 ad
2184 735 2304 763 mare
2324 730 2342 757 ⁷

319 786 508 848 Ὠρικὸν
544 785 734 847 κατέβη·
1352 787 1534 832 Oricum
1558 788 1782 839 descendit
1803 804 2094 844 nequaquam,
2117 798 2164 833 ut
2185 798 2304 833 ratus

326 870 433 908 erat,
476 861 655 915 expletis
697 859 874 903 militum
917 865 1083 906 animis,
1117 865 1204 914 qui,
1236 868 1458 915 tamquam
1491 859 1652 903 nullum
1691 866 1734 903 in
1768 859 2040 903 Macedonia
2070 866 2303 915 gessissent
2324 870 2342 899 5

289 943 306 971 8
327 932 500 979 bellum.
547 937 735 986 expertis
781 937 930 985 regiae
975 930 1167 984 praedae
1213 946 1308 974 esse
1338 931 1691 986 indignabantur.
1740 929 1865 975 Orici
1896 947 1993 975 cum
2025 937 2175 975 missas
2205 947 2303 976 cum

325 1003 531 1058 Scipione
561 1001 728 1045 Nasica
762 1001 1053 1056 Maximoque
1083 1001 1175 1044 filio
1206 1008 1357 1056 copias
1389 1008 1638 1049 invenisset.
1672 1008 1862 1046 exercitu
1888 1008 1931 1045 in
1954 1017 2090 1046 naves
2111 1008 2304 1057 inposito

289 1085 306 1113 9
326 1081 369 1117 in
417 1074 583 1117 Italiam
631 1079 811 1116 traiecit
859 1082 902 1115 et
948 1082 1050 1127 post
1096 1088 1261 1127 paucos
1306 1072 1399 1116 dies
1434 1072 1616 1116 Anicius
1646 1083 1869 1116 conventu
1901 1073 2165 1128 reliquorum
2198 1072 2303 1129 Epi—

325 1155 518 1189 rotarum
564 1143 934 1198 Acarnanumque
979 1142 1081 1187 acto
1126 1150 1338 1199 iussisque
1373 1150 1417 1187 in
1450 1143 1617 1187 Italiam
1650 1151 1772 1199 sequi
1803 1145 2084 1214 principibus,
2117 1160 2302 1200 quorum

323 1222 618 1271 cognitionem
665 1230 824 1258 causae
867 1218 1070 1258 (senatui)
1116 1223 1375 1262 reservarat,
1422 1224 1467 1259 et
1512 1221 1606 1269 ipse
1641 1215 1828 1259 navibus
1860 1221 2110 1270 expectatis.
2143 1215 2301 1271 quibus
2325 1226 2359 1254 10

324 1304 425 1331 usus
458 1286 779 1330 Macedonicus
810 1292 1023 1329 exercitus
1059 1295 1166 1333 erat,
1199 1292 1242 1329 in
1276 1285 1443 1329 Italiam
1475 1292 1656 1330 traiecit.

1012 1604 1073 1643 111.
1139 1603 1297 1644 RES
1361 1603 1603 1644 ASIAE.

969 1701 1103 1745 Legati
1129 1701 1291 1735 Romani
1317 1700 1456 1736 Gallos
1480 1703 1655 1736 incitant.

1042 1818 1128 1858 LiV.
1158 1817 1292 1862 XLV,
1321 1819 1384 1861 34.
1421 1819 1584 1858 10—14,

271 1904 302 1932 10
382 1892 495 1937 Cum
541 1892 650 1936 haec
696 1898 739 1935 in
783 1891 1055 1935 Macedonia
1088 1889 1314 1946 Epiroque
1345 1901 1468 1946 gesta
1500 1900 1612 1939 sunt,
1644 1891 1791 1947 legati,
1824 1898 1897 1947 qui
1929 1908 2025 1936 cum
2057 1891 2213 1937 Attalo
2243 1892 2301 1938 ad

322 1964 557 2008 finiendum
599 1963 758 2007 bellum
790 1969 902 2006 inter
933 1961 1088 2006 Gallos
1119 1971 1162 2006 et
1194 1978 1341 2018 regem
1375 1960 1614 2006 Eumenem
1646 1964 1762 2006 missi
1793 1972 1931 2010 erant,
1962 1969 2006 2007 in
2027 1957 2178 2007 pisiam
2201 1980 2301 2020 per-

270 2048 296 2075 11
322 2045 547 2080 venerant.
580 2034 755 2078 indutiis
786 2050 864 2089 per
896 2033 1080 2077 hiemem
1112 2033 1238 2077 factis
1269 2043 1312 2077 et
1344 2032 1461 2077 Galli
1492 2033 1649 2077 domos
1669 2033 1870 2078 abierant
1891 2043 1935 2078 et
1956 2049 2030 2078 rex
2052 2041 2096 2078 in
2117 2034 2300 2079 hiberna

321 2115 596 2151 concesserat
638 2105 898 2160 Pergamum
930 2111 1145 2160 gravique
1176 2105 1334 2148 morbo
1364 2120 1498 2160 aeger
1529 2104 1683 2148 fuerat.
1730 2120 1810 2149 ver
1841 2112 2025 2160 primum
2057 2121 2134 2150 eos
2163 2105 2299 2150 domo
2322 2117 2355 2146 ¹5

321 2184 478 2221 excivit
523 2183 697 2231 iamque
741 2175 951 2230 Synnada
997 2185 1291 2230 pervenerant
1322 2184 1365 2219 et
1398 2174 1615 2219 Eumenes
1645 2175 1703 2218 ad
1733 2175 1882 2219 Sardis
1912 2176 2105 2232 undique
2135 2183 2298 2221 exerci-

200 2251 202 2254 ’
268 2260 300 2287 12
321 2259 410 2293 tum
476 2256 766 2292 contraxerat.
834 2247 892 2290 ibi
960 2246 1147 2290 Romani
1208 2262 1305 2290 cum
1368 2255 1411 2290 et
1471 2245 1776 2294 Solovettium,
1839 2246 1993 2291 ducem
2054 2246 2297 2296 Gallorum,

374 2470 406 2499 ιο
459 2466 495 2503 <s
510 2472 531 2498 e
546 2473 572 2497 n
587 2472 611 2497 a
625 2466 641 2497 t
655 2464 724 2501 ui>
765 2457 856 2497 add.
887 2456 1039 2497 Duker

372 2524 418 2552 13-
424 2524 455 2551 14
509 2526 537 2562 p
552 2525 574 2551 e
588 2526 606 2550 r
620 2526 648 2550 v
663 2524 685 2551 e
699 2525 726 2550 n
740 2525 763 2550 e
778 2526 795 2550 r
809 2525 833 2550 a
847 2525 873 2550 n
888 2510 919 2562 t]
963 2510 1233 2561 Wesenberg,
1261 2516 1538 2561 pervenerunt.

373 2578 405 2605 15
459 2579 481 2604 e
496 2578 523 2604 o
539 2579 557 2604 s
598 2564 625 2603 d
640 2578 667 2604 0
682 2579 719 2604 m
733 2564 776 2616 o]
820 2564 987 2607 Harant
1017 2563 1128 2603 exdo
1156 2578 1233 2603 mo

372 2630 405 2659 ιδ
458 2632 480 2657 e
494 2633 521 2657 x
535 2623 682 2657 civit
723 2624 735 2656 i
749 2632 867 2668 amq
882 2632 908 2657 u
922 2617 960 2669 e]
1003 2617 1066 2657 ed.
1096 2617 1186 2657 Bas.
1221 2617 1724 2668 1531.excivitat1·amque
1756 2641 1801 2652 —-
1833 2632 1855 2658 e
1869 2626 1885 2658 t
1926 2617 1963 2658 E
1977 2634 2004 2659 u
2018 2632 2056 2659 m
2070 2632 2130 2659 en
2143 2633 2196 2660 es
2235 2606 2298 2660 ad

318 2671 346 2711 S
360 2686 384 2711 a
399 2686 416 2710 r
431 2671 480 2710 d·
471 2686 483 2710 1
498 2671 532 2722 s]
576 2671 761 2722 Madvig,
789 2670 1259 2710 cumeumenisabsardis.

314 2889 515 2939 disputata
555 2897 657 2932 sunt.
700 2888 823 2929 verba
864 2888 963 2928 haec
1003 2902 1053 2928 ex
1095 2887 1271 2940 Polybio
1313 2888 1476 2930 fluxisse
1517 2897 1744 2941 nequeuntz
1786 2903 1980 2941 nusquam
2022 2904 2145 2942 porro
2185 2889 2295 2942 apud

315 2942 527 2993 Polybium
555 2950 767 2982 occurrunt
794 2947 960 2993 φρίττειν
988 2949 1028 2981 et
1056 2944 1422 2993 κατακερμκτὶζειυ,

369 3007 400 3035 12
455 2995 492 3035 C
507 3010 531 3035 u
547 3010 584 3034 m
626 3009 659 3035 e.
676 3010 714 3045 q.
730 2995 778 3047 s.]
835 2994 951 3035 Ordo
992 3001 1227 3035 narrationis
1266 3010 1355 3036 cum
1383 2996 1672 3037 consuetudine
1700 2996 1861 3048 Polybii
1888 3005 1983 3048 post
2009 3011 2072 3038 res
2099 2996 2294 3038 Graeciae

314 3062 375 3087 res
403 3048 525 3088 Asiae
553 3048 694 3088 referre
723 3049 829 3088 soliti
856 3054 1072 3093 convenit;
1101 3048 1151 3088 cf.
1180 3048 1332 3089 Nissen
1360 3064 1399 3100 p.
1429 3051 1480 3089 66
1509 3064 1539 3090 s.
