2430 3632
1015 242 1288 273 Appeumces.
2020 236 2069 273 99

222 357 447 423 λίβερτος*
489 358 610 419 ὅπερ
658 355 780 405 ἐστὶν
827 354 1160 418 ἀπελεύθερος.
1206 356 1385 419 γέλωτα
1422 355 1475 403 δὲ
1510 356 1774 420 παρασχών
1809 356 1859 412 ἐς
1888 356 2071 420 Ῥώμην

154 435 163 442 ’
221 427 462 493 &dmi-7
498 427 578 475 καὶ
614 427 779 491 φανεὶς
813 427 1061 475 κάνταῦθα
1101 427 1286 490 γελοῖός
1320 426 1455 491 ἔτυχε
1490 426 1791 491 συγγνώμης.

283 568 412 615 Haec
456 584 535 625 per
580 567 883 613 intermedium
930 574 1187 623 scriptorem
1222 567 1282 613 ad
1310 566 1566 624 Appianum
1597 574 1771 612 venisse
1800 578 1986 624 apparet
2017 583 2070 613 ex

221 639 446 687 erroribus
489 641 552 694 (ut
599 638 774 684 Prusias
820 654 910 683 non
956 638 1111 695 legatis
1154 637 1377 687 Romanis.
1424 638 1503 684 sed
1537 638 1722 684 ducibus
1751 638 1931 684 obviam
1962 645 2069 686 iens.

222 711 338 757 idem
370 710 558 756 Romam
589 709 771 764 missus).
803 709 1166 766 explicationibus
1195 709 1434 755 verborum
1466 708 1737 758 Latinorum.
1762 708 2070 755 additamentis

221 782 287 839 (ut
331 783 448 828 5—6
492 780 872 836 ψυχρὸς-βραχύς,
918 782 947 825 6
987 778 1287 834 ἔφη-ῥήματι,
1320 782 1347 826 7
1384 778 1545 831 γέλωτα
1575 778 1616 821 δὲ
1648 780 1910 837 woremiam:
1942 782 2068 827 nbat

221 853 414 910 denique
442 859 650 910 ignaviae
678 852 990 898 documentum
1020 859 1064 897 in
1092 861 1247 897 senatu
1261 852 1426 900 datum.
1448 868 1615 897 summa
1637 858 1771 897 totius
1791 859 2067 897 narrationis.

439 994 726 1051 Excerpta
778 994 932 1039 Urs*
979 995 1155 1039 86.-89
1199 1001 1268 1040 cui
1313 1010 1434 1039 anno
1478 1001 1638 1050 cuique
1672 994 1787 1039 libro
1819 993 2070 1051 Polybiane

223 1041 366 1131 m·
436 1066 718 1112 attribuenda
748 1072 847 1113 sint.
879 1066 1117 1111 dubitatur.
1149 1065 1211 1111 N.
1244 1066 1303 1111 89
1333 1072 1447 1110 enim
1479 1065 1709 1111 manifoete
1737 1066 1947 1111 cohaeret
1971 1081 2069 1111 cum

224 1137 331 1184 Exc-
375 1137 481 1183 Val.
533 1138 629 1186 101,
677 1136 802 1182 Roos
846 1153 890 1193 p.
943 1137 1038 1185 185,
1085 1152 1200 1193 quae
1245 1137 1400 1193 ecloga
1446 1137 1671 1192 praecedit
1715 1153 1757 1182 n.
1795 1137 1892 1185 102.
1923 1143 1993 1182 cui
2024 1143 2068 1181 in

223 1215 421 1267 margine
479 1208 644 1254 codicis
681 1201 967 1253 'Peiresciani
1027 1208 1293 1264 adscriptum
1340 1217 1406 1252 est
1457 1204 1573 1257 λόγος
1619 1204 1696 1251 λα’.
1758 1206 1976 1264 seqnitur.
2025 1217 2071 1253 ut

223 1289 430 1338 excerpta
460 1297 503 1325 n.
538 1280 715 1325 86.-89
750 1279 865 1325 libro
898 1279 1017 1324 XXX
1047 1278 1196 1324 danda
1227 1286 1325 1324 sint.
1363 1278 1427 1324 At
1456 1288 1612 1324 contra
1628 1295 1671 1324 n.
1688 1279 1748 1325 87
1760 1285 1854 1336 aqit
1868 1278 1925 1324 de
1941 1278 2072 1324 rebus

223 1361 327 1410 post
354 1350 567 1397 Antiochi
597 1351 726 1397 ludos
755 1350 1016 1407 magnificos
1045 1350 1185 1398 factis.
1207 1357 1282 1406 qui
1304 1350 1392 1395 ludi
1409 1359 1521 1395 teste
1535 1349 1774 1395 Athenaeo
1788 1349 1828 1394 X
1843 1366 1886 1406 p.
1905 1350 2012 1395 439·
2026 1356 2071 1394 in

223 1422 340 1469 libro
369 1422 507 1468 XXXI
538 1439 567 1468 a
598 1421 791 1478 Polybio
822 1431 1026 1467 enarrata
1057 1431 1170 1467 sunt.
1214 1421 1351 1478 Igitur
1380 1421 1773 1478 Schweighaeuser
1803 1430 1848 1466 et
1880 1420 2070 1466 Hultach

223 1500 269 1540 in
313 1494 579 1540 editionibus
619 1500 708 1539 suis
737 1493 937 1539 ordinem
968 1500 1030 1538 ita
1060 1502 1243 1541 mutant.
1275 1502 1323 1538 ut
1353 1499 1398 1537 in
1428 1492 1543 1538 libro
1573 1491 1692 1537 XXX
1723 1501 1893 1548 ponant
1924 1508 1968 1537 n.
1998 1493 2069 1540 89.

224 1571 270 1612 in
313 1564 429 1611 libro
472 1575 619 1611 autem
650 1563 790 1610 XXXI
821 1581 864 1609 n.
897 1566 968 1613 86.
1001 1565 1072 1612 88.
1105 1564 1176 1611 87,
1209 1579 1324 1620 quae
1356 1569 1541 1608 mutatio
1572 1562 1693 1608 nullo
1724 1562 1859 1608 modo
1891 1563 2070 1619 probari

224 1646 386 1694 potat.
431 1636 533 1682 Nec
579 1636 730 1682 melius
775 1642 820 1680 in
863 1635 1226 1681 adnotationibus
1270 1634 1663 1691 Schweighaeuser
1693 1633 1862 1683 suadet.
1894 1643 1942 1678 ut
1973 1633 2070 1679 libri

223 1708 343 1754 XXX
386 1715 534 1765 capita
585 1709 755 1753 19—24
793 1706 883 1752 Hu.
915 1722 1157 1763 omnesque
1188 1722 1257 1751 res
1286 1722 1327 1751 a.
1361 1706 1448 1750 588
1477 1721 1632 1750 a.u.c.
1664 1704 1767 1760 (168
1797 1721 1839 1750 a.
1871 1704 1979 1750 Chr.
2012 1705 2072 1759 n.)

223 1788 377 1838 natae
418 1780 479 1825 ad
523 1779 680 1825 librum
712 1778 850 1824 XXXI
883 1778 1126 1826 trahantur.
1157 1793 1257 1823 cum
1287 1793 1378 1822 non
1408 1776 1549 1822 solum
1580 1782 1875 1822 testimonium
1905 1776 2071 1822 codicis

222 1860 467 1908 spernatiir.
514 1850 592 1896 sed
637 1857 768 1896 etiam
800 1866 870 1895 res
898 1856 1003 1894 anni
1040 1849 1230 1901 168s167
1261 1854 1371 1893 tanti
1401 1847 1591 1893 ambitus
1620 1862 1712 1892 non
1741 1846 1990 1895 videantur.
2021 1856 2070 1892 ut

223 1927 288 1969 eis
331 1919 588 1968 enarrandis
632 1929 807 1979 inteqro
852 1921 966 1967 libro
1002 1936 1115 1977 opus
1145 1929 1288 1967 esset:
1319 1918 1440 1974 (vide
1469 1934 1512 1975 p.
1546 1918 1631 1973 36).
1680 1917 1910 1963 Praestare
1941 1924 2071 1975 igitur

224 1993 412 2042 videtur.
445 2003 493 2039 ut
522 1992 804 2040 Athenaeum
835 2008 1004 2039 errasse
1035 2002 1288 2039 statuamus,
1320 1991 1376 2036 cf.
1412 1989 1629 2046 Metzunq
1661 2006 1703 2045 p.
1737 1990 1807 2034 29.

225 2180 374 2229 xxv'
449 2141 587 2199 App.
620 2139 723 2200 Syr.
755 2142 826 2187 45.
893 2136 1167 2198 ἐστράτευσε
1208 2134 1261 2182 δὲ
1303 2135 1384 2182 καὶ
1426 2133 1503 2183 ἐπὶ
1537 2133 1800 2196 Ἂρταξίαν,
1850 2132 1931 2180 τὸν
1960 2132 2070 2195 Ἀρ-

450 2209 624 2272 μενέων
657 2207 866 2272 βασιλέα.

450 2284 611 2330 ibidem
643 2285 715 2329 66.
783 2279 1034 2342 Ἀρταξίαν
1070 2278 1151 2325 τὸν
1182 2277 1431 2340 Ἀρμένιον
1467 2276 1567 2324 εἷλε.

286 2420 414 2467 Haec
455 2430 689 2477 tantopere
718 2430 946 2466 contracta
977 2435 1030 2465 ex
1063 2418 1255 2474 Polybio
1286 2424 1384 2474 ipso
1414 2433 1504 2463 non
1536 2417 1768 2464 fluxerunt.
1801 2422 2070 2473 praesertim.

225 2507 325 2539 cum
355 2491 456 2538 loco
486 2492 628 2538 altero
658 2491 880 2549 expedItio
912 2491 1191 2548 Aegyptiaca
1221 2496 1324 2534 anni
1363 2488 1460 2536 169!
1469 2489 1550 2533 168
1584 2496 1807 2545 sequatur.
