2430 3632
1016 233 1288 266 APPENDtczs.
1907 258 1911 262 -
2021 231 2069 269 89

199 339 347 414 ‘um
389 359 440 398 κη
485 354 530 390 et
576 354 694 390 recte
734 344 848 390 libro
878 344 1081 391 xxvm
1113 346 1375 396 attribuitur.
1408 346 1654 404 fragmenta
1683 357 1831 394 autem
1862 349 1933 397 99.
1971 351 2067 399 100.

173 470 177 472 V
231 417 309 471 191
329 413 662 462 alibrum
677 414 907 471 desumpta
922 425 1035 464 sunt.
1052 418 1201 462 ut'hoc
1218 417 1523 474 fraumentum.
1541 419 1660 475 quod
1677 430 1744 464 est
1765 436 1807 464 n.
1824 420 1895 467 98.
1915 433 2067 466 nostro

170 500 194 541 «ἰ,
226 493 323 535 inte
349 486 464 532 libro
493 485 650 532 XXIX
679 487 920 532 attribuere
949 488 1090 533 liceat.
1135 487 1366 534 Postremo
1397 489 1536 535 verba
1558 490 1783 541 modorum
1799 501 1843 536 et
1859 488 2066 546 μεταβολῇ·

172 552 178 585 J
220 556 382 616 *eapitis
425 558 468 605 6.
510 559 537 602 2
567 557 625 606 ad
657 573 799 602 rerum
831 567 990 603 statum
1024 557 1170 603 Persei
1201 559 1313 604 cladi
1346 566 1588 614 proximum
1619 572 1820 617 spectare
1849 562 2066 608 videntur.

369 699 525 746 Plut.
583 699 716 745 Aem.
778 698 906 745 Paul.
967 716 1004 745 c.
1069 699 1156 757 28.]
1235 700 1306 746 Cf.
1369 701 1533 748 Nissen
1589 719 1632 758 p.
1686 704 1785 751 303.
1838 711 1911 761 qui
1964 712 2068 750 satis

112 827 115 838 Α
148 828 151 831 7
302 778 318 794 ·
366 771 526 817 dubius
573 787 636 820 ..c.
682 772 743 816 28
772 772 946 816 scheint
973 788 1056 816 aus
1086 770 1303 830 Polybius
1335 789 1388 818 zu
1419 774 1681 819 stammen.''
1743 774 1832 820 Sed
1861 788 2067 821 accurata

90 877 141 907 »ta-22⁴
225 850 500 902 comparatio
544 858 643 888 cum
689 842 943 888 Schwarzio
988 859 1030 897 p.
1078 844 1136 888 49
1181 860 1235 888 ss.
1285 844 1429 889 facere
1458 851 1591 901 coqit.
1642 844 1767 891 Haec
1798 857 1897 891 sunt
1930 848 2067 892 verba

225 912 448 963 Plutarchi
479 913 515 970 (ξ
551 915 586 958 l.
620 914 663 968 2)
692 929 790 958 cum
824 913 952 958 Livio
982 915 1308 971 comparanda:

223 1047 281 1096 ἐκ
321 1045 493 1095 τούτου
534 1045 621 1110 τὴν
660 1045 748 1109 μὲν
789 1045 1007 1106 στρατιὰν
1047 1046 1171 1107 πρὸς
1207 1047 1481 1103 ἀνάπαυσιν,
1523 1047 1667 1095 αὑτὸν
1702 1048 1754 1096 δὲ
1789 1049 1913 1111 πρὸς
1949 1050 2069 1098 θέαν

224 1123 311 1184 ’τῆς
346 1117 573 1172 Ἑλλάδος
613 1117 784 1181 ἔτρεψε
826 1117 905 1164 καὶ
948 1117 1195 1181 διαγωγὴν
1229 1118 1426 1173 ἔνδοξον
1461 1119 1559 1181 ἅμα
1597 1119 1676 1166 καὶ
1713 1120 2067 1183 φιλάνθρωπον.

223 1188 371 1239 ἐπιὼν
413 1188 508 1253 γὰρ
551 1187 849 1252 ἀνελάμβανε
885 1187 996 1243 τοὺς
1031 1188 1217 1252 δήμους
1252 1189 1331 1236 καὶ
1368 1189 1422 1236 τὰ
1460 1189 1772 1253 πολιτεύματα
1809 1192 2067 1239 καθίστατο

225 1260 308 1312 καὶ
342 1260 528 1323 δωρεὰς
562 1260 723 1307 ἐδίδου
759 1266 858 1314 ταῖς
892 1259 980 1322 μὲν
1014 1266 1141 1307 σῖτον
1177 1260 1231 1307 ἐκ
1268 1265 1352 1307 τοῦ
1387 1261 1648 1323 βασιλικοῦ,
1690 1268 1788 1317 ταῖς
1823 1262 1868 1310 δ’
1899 1263 2066 1310 ἔλαιον.

89 1373 90 1376 ,
223 1336 452 1382 τοσοῦτον
489 1331 583 1395 γὰρ
619 1330 878 1395 εὑρεθῆναί
913 1348 1056 1394 φασιν
1091 1332 1416 1394 ἀποκείμενον,
1452 1332 1570 1379 ὥστε
1599 1331 1710 1387 τοὺς
1738 1333 2068 1397 λαμβάνοντας
2085 1356 2102 1384 5

144 1433 151 1437 -
224 1403 307 1453 καὶ
341 1403 598 1467 δεομένους
632 1403 855 1451 ἐπιλιπεῖν
889 1402 1124 1464 πρότερον
1161 1403 1192 1465 ἢ
1229 1403 1625 1467 καταναλωθῆναι
1661 1404 1714 1451 τὸ
1750 1404 1940 1468 πλῆθος
1976 1411 2069 1453 τῶν

66 1492 72 1505 “
222 1474 527 1538 εὑρεθέντων.
569 1475 620 1522 ἐν
662 1474 714 1522 δὲ
751 1474 952 1537 Δελφοῖς
987 1473 1102 1521 ἰδὼν
1138 1475 1273 1520 κίονα
1310 1474 1463 1537 μέγαν
1498 1475 1793 1537 τετράγωνον
1827 1476 1882 1523 ἐκ
1919 1477 2068 1525 λίθων

223 1546 408 1596 λευκῶν
454 1546 858 1610 συνηρμοσμένον,
911 1544 980 1607 ἐφ’
1032 1543 1091 1591 οὗ
1140 1545 1369 1606 Περσέως
1415 1545 1577 1607 ἔμελλε
1623 1551 1833 1610 χρυσοῦς
1873 1547 2068 1609 α’νὸριάς

224 1618 455 1675 τίθεσθαι,
500 1617 761 1680 προσέταξε
803 1617 883 1663 τὸν
925 1616 1073 1663 αὑτοῦ
1116 1616 1321 1679 τεθῆναι·
1364 1615 1474 1671 τοὺς
1517 1617 1610 1680 γὰρ
1651 1618 1936 1682 ἡττημένους
1973 1625 2067 1674 τοῖς

222 1694 416 1739 Ι’νικῶσιν
449 1688 719 1745 ἐξίστασθαι
757 1688 920 1752 χώρας
955 1688 1226 1750 προσήκειν.

284 1840 326 1887 E
370 1841 529 1903 quibus
580 1838 649 1881 καὶ
700 1836 1262 1893 διαγωγὴν-ᾳιλάνθρωπον
1312 1840 1370 1894 (2)
1422 1857 1501 1886 nec
1551 1842 1670 1897 apud
1723 1841 1891 1887 Livium
1944 1849 2066 1887 inve-

223 1916 401 1959 niuntur
446 1928 527 1958 nec
571 1912 691 1968 apud
728 1912 858 1956 alium
891 1928 1167 1967 quemquam.
1217 1911 1346 1963 Quod
1379 1912 1436 1956 ad
1470 1913 1584 1956 3-7
1615 1912 1789 1953 ἕπιὼν-
1802 1913 2064 1964 εὑρεθέντων,

223 1982 417 2041 loquitur
457 1984 632 2040 quidem
671 1983 821 2028 Livius
851 1983 907 2027 de
937 1989 1067 2038 copia
1099 1998 1240 2027 rerum
1273 1994 1315 2027 et
1348 1983 1515 2027 vilitate
1545 1999 1749 2029 annonae
1780 1995 1823 2029 et
1853 1985 1910 2029 de
1940 1985 2068 2030 donis

224 2062 421 2112 privatis.
468 2055 732 2103 civitatibus.
780 2054 984 2111 qentibus
1029 2054 1156 2101 datis,
1189 2070 1340 2098 verum
1373 2070 1409 2099 c.
1444 2055 1513 2102 33.
1547 2057 1574 2098 4
1604 2054 1778 2099 demum
1808 2066 1912 2112 post
1941 2056 2067 2101 ludos

224 2125 483 2183 Amphipoli
542 2138 695 2173 actos:
757 2135 912 2171 contra
976 2124 1233 2169 Plutarchus
1283 2132 1375 2180 agit
1421 2125 1478 2169 de
1523 2125 1743 2170 frumento
1788 2127 1978 2183 oleoque
2023 2134 2065 2171 in

225 2204 320 2255 ipsa
379 2196 597 2243 Graeciae
658 2203 968 2254 peragratione
1012 2197 1262 2241 civitatibus
1313 2197 1432 2241 dato.
1496 2196 1595 2242 Nec
1642 2198 1762 2253 quod
1810 2197 2067 2243 Plutarchus

224 2270 358 2316 tradit
402 2269 459 2315 de
506 2268 691 2325 Delphis
735 2285 763 2313 a
811 2267 950 2313 Paulo
997 2275 1181 2312 visitatis
1216 2283 1313 2312 cum
1348 2267 1521 2323 Polybii
1553 2275 1686 2323 ipsius
1717 2268 1964 2325 fragmento
1995 2270 2066 2314 vel

223 2356 323 2388 cum
370 2339 499 2386 Livio
543 2346 759 2396 conqruit.
808 2338 1050 2384 Columnas
1086 2338 1256 2394 (plurali
1287 2339 1484 2393 numero)
1516 2356 1604 2382 non
1638 2348 1761 2383 novit
1796 2339 2065 2387 Plutarchus,

223 2421 380 2459 contra
426 2427 570 2459 unam.
613 2426 743 2467 quam
777 2410 924 2457 habet.
957 2410 1319 2466 quadriangulam
1352 2420 1394 2454 et
1426 2425 1451 2454 e
1483 2410 1627 2465 lapide
1659 2410 1818 2455 factam
1851 2412 2065 2466 perhibet.

225 2488 270 2529 in
300 2499 389 2540 qua
424 2498 650 2528 auream
691 2481 876 2527 Perseus
907 2491 1094 2526 statuam
1126 2481 1420 2525 collocaturus
1451 2481 1612 2526 fuisset.
1663 2480 1893 2527 Postremo
1921 2483 2067 2527 verbis

225 2554 373 2600 9.-10
404 2554 498 2601 τοὺς
525 2553 875 2606 γὰρ-προσήκειν
909 2551 1166 2597 Plutarchus
1197 2551 1429 2596 Aemilium
1463 2551 1643 2597 Paulum
1665 2560 2065 2609 arrogantissimum

226 2624 343 2674 facit.
384 2625 557 2682 qualem
591 2623 803 2680 Polybius
835 2640 1046 2679 nusquam
1079 2639 1177 2668 eum
1212 2630 1363 2679 pingit.
1415 2622 1550 2679 Igitur
1584 2622 1843 2669 Plutarchea
1875 2625 1981 2670 haec
2014 2641 2065 2670 ex

227 2694 418 2752 Polybio
450 2711 649 2741 manasse
680 2712 769 2740 non
803 2695 1019 2739 videntur.

276 2900 282 2907 “
352 2837 507 2884 Plut.
570 2838 702 2883 Aem.
767 2836 892 2882 Paul.
956 2853 991 2882 c.
1057 2835 1144 2893 28.]
1211 2836 1422 2884 Urbibus.
1486 2853 1595 2893 quas
1645 2837 1856 2882 Aemilius
1909 2838 2067 2883 Paulus

281 2917 294 2931 '
349 2909 557 2966 deinceps
601 2909 720 2955 adiit.
768 2909 940 2954 silentio
988 2915 1300 2963 praetermissis
1346 2909 1559 2954 omnibus.
1609 2909 1691 2953 hoc
1735 2920 1900 2953 tantum
1935 2909 2065 2953 habet

228 2979 485 3026 Plutarchus
514 2980 550 3036 (ξ
583 2981 625 3034 2)
643 2998 652 3023 2

2037 3092 2067 3119 12
