2430 3632
305 265 346 299 12
984 267 1140 296 OLYMP.
1170 260 1247 303 153,

439 367 525 408 Pol.
555 366 692 410 XXX,
722 366 825 406 4—5
854 364 1003 410 B-W.;
1033 364 1114 404 Hu.

302 443 380 490 καὶ
416 441 659 505 ναύαρχον
700 440 959 503 Θεαίδητον
989 438 1253 500 ἐξέπεμπον

301 515 490 576 θερείας
508 512 778 576 ἀρχομένης
797 512 973 573 ἄγοντα
992 510 1073 556 τὸν
1085 509 1253 572 στέφα-

300 603 383 632 νον
420 584 498 631 καὶ
535 583 649 646 μετὰ
686 581 855 629 τούτου
885 579 995 635 τοὺς
1024 581 1130 642 περὶ
1157 580 1251 626 Ῥο-

306 658 537 719 δοφῶντα,
578 652 949 715 πειρασομένους
985 651 1104 698 κατὰ
1135 651 1252 698 πάν-

301 745 354 773 τα
420 727 598 788 τρόπον
657 725 929 787 συμμαχίαν
989 722 1253 770 συνθέσθαι

265 813 282 841 5
300 798 422 859 πρὸς
453 797 717 859 Ῥωμαίους.
766 800 903 841 τοῦτο
941 794 984 840 δ’
1024 794 1253 856 ἐποίησαν

295 869 583 931 βουλόμενοι
628 867 769 930 (δίχα)
814 866 1120 929 ψηφίσματος
1174 864 1252 910 καὶ

300 940 551 1002 πρεσβείας
617 939 879 1000 ἀποτυχεῖν,
951 936 1033 982 ἐὰν
1100 935 1253 989 ἄλλως

301 1011 419 1074 δόξῃ
464 1010 715 1072 Ῥωμαίοις,
770 1007 824 1054 δι’
876 1008 1023 1070 αὐτῆς
1070 1007 1121 1053 δὲ
1170 1012 1253 1069 τῆς

301 1086 384 1129 τοῦ
420 1081 664 1144 ναυάρχου
701 1078 1022 1141 προαιρέσεως
1051 1077 1136 1140 τὴν
1167 1095 1252 1124 κα-

301 1153 522 1214 τάπειραν
551 1150 854 1214 ποιήσασθαι·
892 1149 977 1212 τὴν
1003 1148 1095 1212 γὰρ
1120 1149 1253 1203 ἐξου-

301 1226 405 1270 σίαν
434 1223 528 1286 εἶχε
558 1221 730 1285 ταύτην
761 1222 787 1267 ὁ
813 1219 1055 1283 ναύαρχος
1079 1220 1132 1266 ἐκ
1159 1225 1252 1266 τῶν

265 1310 282 1337 6
300 1295 472 1356 νόμων.
522 1294 671 1347 οὕτως
709 1292 801 1355 γὰρ
833 1293 893 1355 ἦν
923 1290 1254 1354 πραγματικὸν

301 1366 352 1412 τὸ
383 1366 637 1427 πολίτευμα
669 1369 761 1410 τῶν
781 1364 968 1409 Ῥοδίων
994 1363 1060 1416 ὡς
1083 1361 1254 1425 σχεδὸν

300 1438 379 1500 ἔτη
422 1436 759 1498 τετταράκοντα
795 1434 918 1496 πρὸς
953 1439 1049 1488 τοῖς
1084 1432 1254 1479 ἑκατὸν

301 1506 663 1570 κεκοινωνηκὼς
722 1507 749 1552 ὁ
811 1507 965 1568 δῆμος
1013 1505 1254 1566 Ῥωμαίοις

302 1585 393 1626 τῶν
446 1578 820 1641 ἐπιφανεστάτων
868 1577 947 1622 καὶ
997 1576 1254 1622 καλλίστων

300 1651 456 1713 ἔργων
499 1650 588 1696 οὐκ
631 1649 881 1711 ἐπεποίητο
922 1647 1045 1709 πρὸς
1081 1644 1254 1700 αὐτοὺς

266 1737 281 1763 7
301 1722 583 1784 συμμαχίαν.
649 1721 772 1773 τίνος
820 1719 871 1766 δὲ
920 1718 1058 1782 χάριν
1105 1718 1255 1770 οὕτως

1276 261 1289 295 l
1305 269 1314 295 z
1340 266 1414 296 RES
1441 266 1617 295 1TAL1AE.

1565 363 1652 403 Liv.
1680 362 1814 407 XLV,
1843 363 2078 423 2525-13.

1642 441 1959 490 Theaedetum.
2007 442 2275 497 praefectum

1326 514 1485 561 classis¹
1529 520 1572 557 in
1614 529 1710 557 eam
1752 513 2016 569 legationem
2054 519 2274 557 miserunt.

1691 804 1944 842 societatem
1976 798 2034 842 ab
2067 797 2278 842 Romanis

1326 877 1386 914 ita
1417 869 1630 913 volebant
1661 875 1764 924 peti,
1796 878 1844 912 ut
1875 868 2037 913 nullum
2068 869 2124 913 de
2150 884 2203 912 ea
2229 884 2278 913 re

1324 947 1476 985 scitum
1514 941 1666 996 populi
1703 940 1829 984 fieret
1864 950 1940 984 aut
1971 940 2123 984 litteris
2153 955 2276 983 man-

1324 1012 1514 1059 daretur,
1548 1011 1681 1067 quod,
1715 1018 1793 1055 nisi
1822 1018 2117 1067 impetrarent,
2138 1017 2277 1055 maior

1275 1091 1351 1127 ¹0a
1398 1083 1570 1138 repulsa
1617 1089 1855 1138 ignominia
1892 1092 2018 1126 esset.
2066 1081 2276 1137 praefecti
2296 1092 2315 1121 8

1326 1154 1474 1198 elassis
1511 1154 1555 1197 id
1587 1160 1712 1197 unius
1743 1163 1837 1197 erat
1868 1160 1947 1200 ius,
1980 1162 2027 1205 ut
2057 1169 2191 1209 agere
2222 1153 2278 1197 de

1324 1241 1376 1269 ea
1398 1241 1445 1268 re
1466 1231 1558 1268 sine
1577 1231 1809 1280 rogatione
1825 1224 1912 1268 ulla
1928 1224 2097 1280 perlata
2114 1234 2275 1279 posset.

1548 1312 1647 1339 nam
1680 1302 1741 1339 ita

1275 1446 1307 1475 ¹5
1325 1453 1404 1493 per
1455 1447 1521 1481 tot
1571 1454 1712 1481 annos
1763 1443 1806 1481 in
1856 1443 2046 1482 amicitia
2091 1437 2277 1495 fuerant.

1564 1660 1611 1694 ut
1662 1651 1811 1695 sociali
1862 1650 2043 1695 foedere
2088 1666 2135 1695 se
2180 1666 2278 1695 cum

1328 1721 1538 1766 Romanis
1570 1738 1660 1766 non
1691 1722 1935 1777 inligarent,

301 1794 529 1856 ἐχείριζον
564 1792 614 1838 οἱ
641 1791 804 1837 Ῥόδιοι
841 1789 895 1836 τὰ
928 1789 1042 1836 καθ’
1082 1787 1255 1842 αὐτοὺς
1272 1801 1308 1830 20

266 1879 283 1906 8
302 1865 391 1911 οὐκ
441 1865 573 1918 ἄξιον
620 1862 909 1923 παραλιπεῖν.
970 1860 1254 1923 βουλόμενοι

304 1935 395 1997 γὰρ
433 1934 613 1997 μηδένα
650 1938 743 1979 τῶν
779 1933 829 1979 ἐν
865 1938 963 1986 ταῖς
999 1931 1256 1994 ὑπεροχαῖς

302 2006 380 2052 καὶ
429 2006 714 2058 δυναστείαις
763 2003 1028 2059 ἀπελπίζειν
1076 2002 1161 2064 τὴν
1202 2002 1253 2056 ἐξ

302 2077 457 2124 αὐτῶν
510 2076 785 2137 ἐπικουρίαν
839 2074 918 2120 καὶ
967 2074 1250 2136 συμμαχίαν,

2026 1863 2086 1908 ob
2118 1864 2278 1908 nullam

1326 1935 1455 1979 aliam
1487 1951 1676 1982 causam,
1710 1951 1840 1990 quam
1872 1951 1928 1978 ne
1959 1951 2078 1990 spem
2102 1935 2279 1990 regibus

1324 2006 1602 2050 absciderent
1643 2006 1786 2050 auxilii
1828 2012 1906 2053 sui,
1948 2013 1983 2050 si
2021 2006 2125 2062 quid
2166 2022 2279 2062 opus

1328 2086 1454 2124 esset,

303 2149 391 2194 οὐκ
417 2146 671 2209 ἐβούλοντο
702 2145 978 2201 συνδυάζειν
1003 2144 1115 2191 οὐδὲ
1139 2161 1254 2206 προ-
1271 2156 1308 2186 25

303 2218 678 2280 καταλαμβάνειν
720 2223 844 2280 σφᾶς
881 2214 1053 2269 αὐτοὺς
1090 2216 1254 2276 ὅρκοις

302 2290 380 2336 καὶ
428 2289 703 2351 συνθήκαις,
758 2288 852 2334 ἀλλ’
899 2287 1111 2348 ἀκέραιοι
1154 2287 1253 2332 δια-

300 2361 516 2423 μένοντες
553 2360 810 2421 κερδαίνειν
845 2358 927 2412 τάς
957 2359 1008 2413 ἐξ
1044 2357 1254 2404 ἑκάστων

266 2447 283 2475 9
301 2432 501 2484 ἐλπίδας.
550 2431 651 2477 τότε
680 2430 732 2477 δὲ
764 2430 976 2493 μεγάλην
1006 2430 1252 2475 ἐποιοῦντο

375 2582 386 2609 1
438 2569 647 2614 Θεαὶδητον
676 2567 830 2607 Ullrich
851 2567 942 2607 coll.
966 2566 1121 2609 ΧΧΙΧ.
1142 2567 1254 2609 11,2,

302 2623 514 2668 Θεαίτητον
551 2621 669 2661 codd.
709 2621 874 2661 formam
903 2620 1099 2660 Graecam
1127 2625 1252 2670 magis

302 2681 483 2715 usitatam
538 2682 823 2725 suspectantes.
880 2674 1016 2714 Livius
1057 2680 1188 2712 autem
1230 2672 1254 2711 δ

302 2729 443 2779 legisse
490 2728 671 2773 videtum
719 2735 758 2767 et
803 2733 1000 2767 invenitur
1041 2726 1252 2777 collegium

302 2781 502 2821 Rhodium
518 2780 855 2819 Ἀπολλωνιασταὶ
867 2780 1096 2827 Θεαιδήτειοι
1107 2779 1253 2818 Ἀστυ-

301 2835 444 2884 μήδειοι
486 2835 537 2885 (ν.
581 2834 730 2874 Gelder
769 2833 1017 2873 Ges‘chichte
1044 2833 1118 2872 der
1144 2832 1253 2871 alten

302 2887 482 2931 Rhodi&
508 2902 546 2938 p.
577 2888 681 2938 365.)

372 2953 388 2980 7
443 2941 536 2993 δίχα
566 2940 724 2983 Reiske,
754 2939 814 2979 διὰ
843 2945 923 2979 τοῦ.

354 3006 390 3034 28
443 2994 643 3042 κερδαίνειν
697 2993 867 3032 Ursinus
922 2992 1073 3032 collato
1123 2991 1253 3034 Livio,

301 3047 498 3096 κερτεύειν.

1788 2306 1872 2334 neu
1895 2290 1976 2334 sibi
1993 2296 2096 2345 ipsis
2112 2289 2278 2335 fructus

1326 2378 1378 2405 ex
1410 2362 1681 2417 benignitate
1711 2372 1754 2405 et
1786 2361 1963 2405 fortuna
1994 2376 2145 2405 eorum
2177 2376 2277 2416 per·

1324 2432 1524 2487 cipiendi.
1564 2442 1666 2476 tunc
1698 2438 1848 2487 utique
1879 2431 2069 2486 petenda
2090 2438 2276 2476 societas

1400 2578 1412 2606 ι
1469 2564 1879 2615 Theaedetum]
1927 2563 2180 2604 Theodotum
2222 2564 2278 2608 V,

1323 2619 1417 2659 vide
1444 2624 1564 2658 iuxta.

2301 1305 2321 1334 9

2301 2441 2333 2470 10
