2430 3632
336 274 383 310 38
1015 278 1172 307 OLYMP.
1204 271 1281 314 153,
1306 271 1351 306 2;
1379 276 1453 307 RES
1479 276 1655 306 ITALlAE.

483 376 585 417 Plut.
614 376 731 418 Aem.
761 375 875 415 Paul.
905 389 938 415 e.
969 376 1138 415 30—31.

335 450 603 514 προθύμως
633 450 707 497 ἐπὶ
737 450 822 512 τὴν
851 449 971 511 ὑπὲρ
1002 453 1086 495 τοῦ
1114 448 1288 511 θριάμ-

335 523 430 585 βου
466 521 683 584 σπουδὴν
719 521 1005 584 ἀπήντησαν.
1044 519 1287 582 Αἰσθόμε-

336 612 418 647 νος
459 592 510 640 ὂὲ
547 597 684 638 τοῦτο
721 592 929 654 Σέρβιος
964 591 1170 654 Γάλβας,
1211 591 1288 654 ἑχ-

335 664 459 751 ὓρός
495 663 728 726 Αἰμιλίου,
766 662 976 726 γεγονὼς
1006 662 1058 709 δὲ
1088 667 1181 709 τῶν
1211 661 1286 708 ὑπ’

337 735 480 782 αὐτὸν
515 734 781 798 χιλιάρχων,

340 2016 609 2078 ἐθάρρησεν
646 2015 920 2077 ἀναφανδὸν
949 2017 1102 2071 εἰπεῖν,
1139 2014 1205 2068 ὡς
1237 2014 1294 2060 οὐ

341 2087 504 2133 δοτέον
546 2088 617 2149 εἴη
655 2086 735 2132 τὸν
771 2086 1027 2149 θρίαμβον.
1059 2085 1207 2139 Ἐνεὶς
1243 2085 1295 2132 δὲ

1443 374 1529 415 Liv.
1559 373 1688 418 XLV,
1717 374 1887 418 35—37.
1917 375 1967 419 22
2000 374 2061 418 39,
2091 375 2233 415 3—20.

1361 460 1471 498 citus
1508 459 1761 508 imperatori
1798 462 1891 504 erat
1922 453 2205 509 neglegenter
2235 452 2314 497 ad·-

1361 525 1530 569 futurus
1571 530 1756 568 comitiis
1797 523 2005 568 ferendae
2050 524 2171 580 legis.
2221 523 2314 580 [sed
2333 534 2352 563 8

1361 611 1439 640 eos
1469 595 1561 639 Ser.
1583 594 1808 649 Sulpicius
1837 593 1995 642 Galba,
2020 602 2094 651 qui
2116 595 2314 639 tribunus

1362 666 1541 710 militum
1588 665 1806 710 Secundae
1847 665 2030 721 legionis
2071 672 2115 709 in
2158 665 2315 710 Mace-

1316 746 1335 775 5
1361 738 1495 781 donia
1526 737 1681 784 fuerat,
1714 743 1918 792 privatim
1950 743 2203 794 imperatori
2234 743 2315 780 ini-

1364 815 1512 856 micus,
1544 807 1795 863 prensando
1826 814 1920 863 ipse
1950 817 1994 851 et
2025 823 2103 864 per
2129 823 2235 852 suae
2254 807 2315 852 le-

1363 885 1506 935 gionis
1532 878 1686 922 milites
1708 877 1983 935 sollicitando
2004 877 2315 925 stimulaverat.

1363 959 1411 994 ut
1446 950 1695 1005 frequentes
1725 949 1783 992 ad
1814 948 2069 1004 suffragium
2099 948 2316 996 adessent.

1364 1027 1643 1076 imperiosum
1674 1020 1829 1064 ducem
1861 1029 1905 1064 et
1936 1019 2171 1075 malignum
2201 1026 2315 1063 anti-
2335 1030 2354 1059 9

1314 1102 1348 1131 10
1366 1091 1545 1147 quando
1577 1097 1867 1146 rogationem,
1900 1102 2015 1146 quae
2044 1090 2101 1134 de
2126 1091 2317 1146 trimpho

1365 1169 1456 1207 eius
1478 1162 1675 1209 ferretur,
1698 1162 2029 1209 ulciscerentur„
2051 1161 2223 1217 plebem
2245 1177 2318 1205 ut-

1365 1234 1524 1278 banam
1557 1242 1801 1277 secuturam
1828 1248 1923 1276 esse
1944 1232 2124 1276 militum
2145 1232 2316 1277 iudicia.

1365 1312 1594 1360 pecuniam
1642 1304 1759 1348 illum
1806 1303 1912 1348 dare
1957 1320 2048 1347 non
2094 1310 2316 1359 potuisse:

1365 1377 1541 1420 militem
1573 1376 1787 1420 honorem
1818 1375 1925 1419 dare
1955 1391 2098 1430 posse.
2131 1390 2188 1419 ne
2222 1390 2320 1431 spe-

1315 1459 1347 1488 15
1365 1457 1482 1491 taret
1532 1447 1591 1491 ibi
1642 1446 1828 1491 fructum
1880 1453 2061 1502 gratiae,
2107 1446 2183 1490 ubi
2228 1462 2319 1507 non

1365 1526 1603 1563 meruisset.
2373 1514 2376 1517 ’

1368 1589 1451 1633 His
1501 1595 1688 1633 incitatis
1739 1604 1835 1632 cum
1885 1594 1926 1632 in
1976 1587 2200 1643 Capitolio
2246 1604 2319 1632 ro—
2341 1588 2410 1632 36.

1366 1667 1588 1717 gationem
1644 1676 1740 1704 eam
1796 1658 1866 1703 Ti.
1913 1658 2197 1714 Sempronius
2242 1665 2318 1702 tri-

1366 1733 1508 1777 bunus
1554 1732 1692 1787 plebis
1738 1731 1870 1775 ferret
1917 1741 1960 1775 et
2007 1737 2188 1788 privatis
2230 1730 2319 1777 (de)

1312 1814 1348 1843 20
1366 1804 1463 1859 lege
1504 1802 1675 1847 dicendi
1717 1802 1838 1846 locus
1878 1812 1993 1846 esset
2025 1807 2102 1845 <et>
2131 1801 2189 1845 ad
2220 1817 2319 1845 sua·-

1366 1874 1570 1921 dendum.
1603 1883 1650 1917 ut
1681 1879 1724 1917 in
1756 1889 1803 1917 re
1835 1880 2008 1917 minime
2033 1873 2180 1920 dubia,
2203 1872 2320 1916 haud

1367 1952 1596 2001 quisquam
1629 1943 1920 2000 procederet]

340 2157 518 2212 πολλὰς
554 2166 618 2219 τῷ
649 2167 961 2220 στρατιωτικῷ
991 2157 1166 2220 πλήθει
1197 2157 1295 2203 ὃια-
1315 2170 1350 2199 25

341 2228 490 2290 βολὰς
526 2228 645 2275 κατὰ
683 2233 765 2275 τοῦ
802 2233 1070 2291 στρατηγοῦ
1101 2227 1180 2274 καὶ
1212 2227 1297 2290 τὴν

1444 2397 1451 2422 ι
1510 2396 1532 2422 e
1548 2397 1565 2421 r
1579 2396 1603 2421 a
1616 2380 1647 2433 t]
1691 2380 1753 2420 ed.
1783 2379 1873 2420 Bas.
1908 2380 2019 2423 1531.
2050 2384 2116 2419 ita.

1439 2449 1457 2476 6
1510 2434 1808 2486 prensando
1864 2433 1990 2485 ipse]
2052 2433 2191 2473 eadem
2230 2445 2323 2484 pet·-

1369 2489 1536 2530 sandroi
1538 2502 1635 2539 pse.

1427 2554 1510 2583 12-13
1563 2541 1796 2581 iudicia.
1848 2545 2117 2591 pecuniam
2162 2538 2322 2591 illum]

1370 2596 1521 2638 eadem
1549 2593 1992 2645 pecuniaillumiudicia.

1426 2662 1459 2690 19
1513 2647 1708 2698 ferret]
1751 2647 1813 2686 ed
1856 2655 1950 2690 vet..
1992 2645 2151 2696 ferreN
2188 2651 2239 2686 et
2276 2666 2322 2679 —-

1370 2702 1414 2747 <d
1429 2709 1468 2746 e>
1507 2701 1598 2741 add.
1629 2700 1875 2741 Gronovius.

1423 2768 1459 2796 20
1512 2762 1551 2799 <e
1566 2762 1597 2798 t>
1637 2753 1729 2793 add.
1760 2753 1944 2804 Madvig.

1424 2820 1510 2849 21-22
1565 2807 1750 2850 dubia,
1806 2806 1953 2846 haud
2007 2805 2322 2857 quisquam]

1372 2861 1575 2913 Kreyssig,
1604 2861 2057 2910 dubiaautsiynisquam.

415 3024 484 3052 2-22
541 3026 559 3051 s
574 3026 596 3051 e
611 3011 687 3051 d—
692 3026 718 3062 p
733 3026 751 3050 r
765 3025 792 3051 o
806 3026 828 3051 c
843 3025 865 3051 e
880 3011 907 3050 d
921 3025 943 3051 e
959 3026 976 3050 r
990 3025 1012 3050 e
1027 3010 1070 3062 t.]
1134 3010 1173 3049 A
1220 3010 1336 3050 Livio
1382 3009 1528 3052 addita,
1576 3016 1619 3048 ut
1664 3014 1836 3048 animum
1884 3007 2042 3048 lectoris
2089 3021 2324 3059 suspensum

347 3073 504 3110 teneat;
533 3065 582 3104 cf.
611 3064 762 3104 Nissen
791 3080 828 3115 p.
860 3066 909 3103 24
939 3079 968 3103 s.

2234 3533 2254 3555 q
2396 3369 2430 3632 ὲ
