2430 3632
996 245 1270 277 Appennncns.
2001 239 2051 279 95

48 346 141 420 ,
204 356 404 409 ethich&
432 372 476 413 p.
507 357 594 402 635
626 355 678 411 s.)
708 362 814 402 satis
842 363 1116 402 auctoritatis
1148 358 1326 406 habent.
1357 368 1405 403 ut
1422 356 1671 403 Diodorum
1687 368 1903 403 evertant.
1935 358 2048 404 Tum

158 451 160 454 >
204 442 300 479 non
322 427 469 474 nolum
486 434 685 483 primum
715 428 921 483 triumphi
952 427 1067 473 diem
1098 444 1197 473 cum
1228 428 1424 474 secundo
1453 428 1531 474 sed
1561 435 1692 474 etiam
1729 444 1799 474 res
1824 435 1875 474 iis
1894 429 2050 477 diebus

159 511 164 519 ⁵
204 505 252 547 h
294 498 518 556 triumpho
563 498 803 555 productas
848 498 999 544 Livius
1042 515 1096 544 ac
1143 483 1404 545 Plutarchus
1442 510 1726 545 commutant.
1773 498 1883 550 Quo
1913 500 2049 545 modo

59 573 123 620 κ
203 578 351 633 oum
382 569 496 616 Livii
528 568 839 625 plutarchique
868 569 1191 626 discrepantiae
1220 570 1323 616 inde
1353 569 1581 627 proiectae
1605 586 1702 616 esse
1723 578 1904 627 possint.
1926 571 2048 627 quod

33 630 137 703 ἶ
205 639 435 689 Diodorus
477 650 555 686 aut
598 639 827 696 Syncellus
872 640 1043 689 librum.
1090 657 1220 698 quern
1267 641 1348 686 sibi
1385 651 1678 697 proposuerat
1708 642 2047 698 compilandam.

55 757 116 796 {f
202 712 462 761 minume
489 718 757 758 contraxerit
787 710 1037 766 (Schwarze
1068 728 1110 767 p.
1142 711 1229 767 66).
1261 728 1351 757 non
1383 712 1530 757 video.

80 911 89 932 2·

58 937 61 946 ¹.
81 936 94 951 a}

401 894 516 940 Liv.
565 893 703 942 XLV,
749 895 821 942 42.
868 897 909 938 4.
972 893 1168 940 Senatus
1222 896 1386 941 deinde
1417 897 1597 941 habitus
1625 906 1705 941 est.
1750 906 1901 954 patres
1945 913 2046 943 cen-

399 975 596 1014 suerunt.
627 975 677 1011 ut
697 963 759 1014 Q.
785 963 975 1011 Cassius
995 964 1163 1011 Persea
1188 982 1336 1023 regem
1357 982 1455 1012 cum
1476 966 1747 1012 Alexandro
1765 967 1858 1024 {ilio
1876 967 2046 1014 Albam

201 1041 249 1084 r'n
277 1037 525 1084 custodiam
555 1037 759 1084 duceret.-
788 1042 983 1085 comites,
1014 1041 1261 1094 pecuniam.
1283 1046 1531 1095 amentum.
1553 1042 1902 1088 instrumentum.
1924 1040 2051 1097 quod

44 1104 131 1163 ²¹3⁸.
202 1108 400 1157 haberet.
432 1109 544 1154 nihil
570 1108 829 1153 <detrahens
860 1109 1024 1153 habere
1054 1113 1270 1156 sineret:>.

263 1178 392 1226 Haec
438 1178 630 1236 Polybio
675 1195 765 1224 non
811 1179 964 1224 deberi
1010 1179 1111 1224 inde
1157 1190 1292 1236 patet.
1340 1179 1460 1235 quod
1507 1180 1743 1225 secundum
1784 1196 1884 1226 eum
1915 1188 2046 1227 etiam

201 1250 315 1296 alter
357 1250 473 1296 filius
518 1249 692 1298 Persei.'
728 1249 968 1306 Philippus.
1015 1266 1113 1295 cum
1161 1260 1287 1306 patre
1331 1249 1492 1295 Albam
1539 1251 1696 1296 ductus
1735 1263 1828 1300 est:
1860 1252 1916 1297 cf.
1951 1252 2044 1298 Pol.

202 1320 372 1368 XXXV
374 1321 429 1370 11.
461 1323 503 1370 2.
537 1323 564 1366 3
596 1321 686 1366 Hu.

418 1493 560 1539 Plut.
598 1492 732 1538 Aem.
764 1492 893 1538 Paul.
925 1509 962 1538 c.
996 1494 1065 1537 37.
1133 1488 1273 1536 Οὕτω
1314 1490 1403 1552 μὲν
1442 1489 1646 1552 εὐγενεῖς
1687 1491 1767 1538 καὶ
1808 1492 2047 1555 μεγάλους

202 1534 356 1582 xvm'
415 1560 592 1625 λόγους
627 1560 710 1608 τὸν
744 1559 966 1623 Αἰμίλιον
1002 1561 1054 1615 ἐξ
1090 1560 1333 1608 ἀπλάστου
1363 1560 1443 1608 καὶ
1474 1561 1709 1625 ἀληθινοῦ
1738 1563 2047 1627 φρονήματος

201 1632 255 1681 ἐν
301 1641 368 1696 τῷ
414 1632 557 1696 δήμῳ
604 1631 913 1695 διαλεχθῆναι
950 1631 1150 1693 λέγουσι.
1187 1640 1265 1694 τῷ
1288 1631 1340 1679 δὲ
1378 1631 1567 1694 Περσεῖ,
1608 1634 1779 1695 καίπερ
1816 1635 2047 1697 οἰκτείρας

202 1703 290 1768 τὴν
340 1703 613 1767 μεταβολὴν
666 1703 746 1750 καὶ
799 1702 927 1765 μάλα
982 1702 1231 1766 βοηθῆσαι
1284 1702 1635 1767 προθυμηθείς,
1695 1704 1836 1752 οὐδὲν
1882 1707 2046 1768 εὕρετο

104 1784 111 1802 ’·
201 1774 328 1839 πλὴν
380 1774 705 1838 μεταστάσεως
758 1791 813 1821 εκ
869 1778 952 1820 τοῦ
1007 1773 1306 1836 καλουμένου
1362 1774 1570 1836 κάρκερε
1622 1774 1731 1837 παρ’
1782 1776 1941 1832 αὐτοῖς
1981 1780 2046 1833 εἰς
2063 1803 2081 1831 5

202 1846 351 1895 τόπον
397 1846 622 1908 καθαρὸν
663 1845 743 1892 καὶ
779 1845 1237 1908 φιλανθρωποτέραν
1272 1846 1462 1902 δίαιταν,
1504 1846 1630 1893 ὅπου
1664 1846 2040 1910 φρουρούμενος,

202 1917 271 1974 ὥς
315 1917 409 1982 μὲν
451 1918 501 1966 οἱ
543 1916 745 1964 πλεῖστοι
795 1916 1100 1980 γεγράφασιν,
1158 1916 1551 1980 ἀπεκαρτέρησεν,
1603 1917 1715 1964 ἔνιοι
1763 1917 1815 1965 δὲ
1858 1925 1941 1982 τῆς
1977 1937 2045 1966 τε-

201 1988 369 2053 λευτῆς
414 1989 535 2036 ἴδιόν
581 2006 679 2035 τινα
729 1987 808 2035 καὶ
856 1987 1255 2051 παρηλλαγμένον
1295 1988 1475 2049 τρόπον
1509 1988 1757 2050 ἱστοροῦσι.
1792 1991 2045 2054 μεμψαμέ-

202 2076 317 2116 νους
353 2060 447 2124 γάρ
483 2077 523 2107 τι
559 2059 639 2107 καὶ
675 2058 994 2122 θυμωθέντας
1030 2059 1158 2120 αὐτῷ
1195 2057 1304 2113 τοὺς
1339 2059 1445 2119 περὶ
1483 2058 1535 2106 τὸ
1571 2063 1709 2122 σῶμα
1746 2062 2040 2122 στρατιώτας,

202 2131 271 2187 ὡς
311 2132 473 2193 ἕτερον
516 2130 657 2178 οὐδὲν
695 2129 930 2193 ἠδύναντο
966 2130 1126 2177 λυπεῖν
1162 2130 1241 2176 καὶ
1278 2134 1463 2176 κακοῦν
1498 2130 1654 2186 αὐτόν,
1695 2131 1918 2194 ἐξείργειν
1953 2138 2046 2179 τῶν
2068 2159 2098 2186 no

202 2202 377 2258 ὕπνων,
431 2202 510 2250 καὶ
558 2202 882 2265 προσέχοντας
931 2201 1145 2264 ἀκριβῶς
1192 2200 1459 2247 ἐνίστασθαι
1503 2206 1601 2256 ταῖς
1636 2209 1930 2265 καταφοραῖς
1965 2205 2043 2251 καὶ

202 2273 414 2339 συνέχειν
460 2274 761 2337 ἐγρηγορότα
810 2272 941 2336 πάσῃ
995 2276 1202 2335 μηχανῇ,
1256 2272 1392 2334 μέχρι
1444 2270 1502 2318 οὖ
1544 2277 1710 2319 τοῦτον
1752 2274 1832 2320 τὸν
1867 2275 2045 2336 τρόπον

201 2344 489 2409 ἐκπονηθεὶς
524 2343 827 2408 ἐτελεύτησεν.
865 2342 1128 2406 ἐτελεύτησε
1165 2343 1216 2390 ὸὲ
1255 2343 1333 2389 καὶ
1372 2347 1464 2389 τῶν
1499 2344 1699 2390 παιὸίων
1736 2344 1788 2391 td
1827 2344 1927 2393 ὁύο.
1964 2346 2045 2393 τὸν

201 2415 255 2464 δὲ
295 2417 461 2478 τρίτον,
502 2415 829 2477 Ἁλέξανδρον,
877 2415 1032 2477 εὐφυᾶ
1074 2414 1162 2477 μὲν
1197 2414 1248 2461 ἐν
1284 2422 1348 2476 τῷ
1385 2413 1591 2475 τορεύειν
1626 2415 1704 2461 καὶ
1742 2414 2044 2480 λεπτουργεῖν

202 2486 422 2550 γενέσθω
476 2488 630 2551 φασίν,
689 2486 962 2549 ἐκμαθόντα
1019 2486 1071 2531 ὸὲ
1127 2485 1180 2531 τὰ
1232 2484 1464 2547 Ῥωμαϊκά
1521 2486 1775 2548 γράμματα
1830 2488 1907 2535 καὶ
1960 2489 2044 2552 τὴν
2065 2516 2096 2543 15

200 2557 444 2606 διάλεκτον
490 2556 934 2622 ὑπογραμματεύειν
982 2562 1077 2610 τοῖς
1124 2557 1364 2619 ἄρχουσιν,
1417 2556 1648 2610 ἐπιδέξιον
1697 2558 1775 2604 καὶ
1824 2561 2040 2622 χαρίεντα

200 2629 307 2693 περὶ
343 2628 516 2694 ταύτην
552 2628 637 2693 τὴν
672 2629 933 2692 ὑπηρεσίαν
969 2627 1314 2689 ἐξεταζόμενον.

261 2779 388 2827 Haec
420 2788 463 2826 in
495 2782 626 2827 rebus
656 2781 830 2837 quidem
863 2787 1139 2825 consentiunt
1171 2795 1267 2824 cum
1303 2777 1434 2823 Diod.
1470 2778 1621 2826 ΧΧΧΙ.
1654 2780 1695 2827 9.
1735 2782 1858 2830 1-·-7.
1890 2783 1966 2827 sed
1988 2799 2039 2828 ex

203 2849 394 2908 Polybio
439 2868 638 2897 manasse
684 2868 773 2897 non
811 2853 1041 2897 videntur:
1080 2856 1262 2905 primum
1296 2855 1409 2893 enim
1442 2850 1580 2894 verba
1611 2851 1652 2888 ix
1689 2859 1758 2890 τοῦ
1786 2849 2040 2904 καλυνμιίυη·

202 2923 358 2975 κάρητι»
395 2925 488 2974 παρ’
518 2924 656 2968 αὐτοῖς
688 2922 918 2967 verisimile
952 2921 1113 2966 faciunt
1148 2919 1424 2965 Plutarchum
1459 2921 1651 2975 pendere
1681 2938 1733 2966 ex
1754 2935 1948 2971 auctore.
1966 2932 2038 2980 qui

201 2991 358 3039 Latina
399 3010 501 3039 usus
533 3006 627 3039 erat
659 2994 819 3049 linqua.
853 2994 991 3037 verba
1024 2991 1178 3036 Latina
1210 3008 1235 3035 e
1264 3007 1448 3038 carcere.
1481 2992 1661 3036 ablativi
1695 2993 1833 3038 forma
1869 3003 2039 3041 minime
