2430 3632
329 263 376 299 74
1016 268 1172 297 οιγΜΡ.
1202 262 1279 305 153,
1305 261 1346 297 2;
1373 268 1447 299 RES
1474 268 1633 299 SYR1A1-2.

1051 403 1092 438 B.
1141 403 1303 447 Legatio
1327 403 1388 438 Ti.
1414 403 1596 439 Gracchi.

370 520 457 560 Pol.
487 520 617 564 XXX.
647 521 697 559 27
727 519 890 565 B.-W.;
919 519 1072 563 XXXI,
1104 520 1126 560 5
1155 520 1236 559 Hu.
1599 520 1722 560 Diod.
1752 520 1896 565 XXXI.
1927 522 1972 562 17
2001 521 2068 561 Di.

330 617 423 652 Exc.
464 617 575 652 Ursa·
614 594 713 641 Ὅτι
749 594 864 657 μετὰ
903 594 989 657 τὴν
1024 594 1287 641 συντέλειαν
1359 617 1451 652 Exc.
1495 617 1587 659 Val„
1608 618 1689 655 282,
1752 594 1850 642 Ὅτι
1917 596 2095 643 τούτων
2154 614 2314 645 συντε-

330 666 387 703 87,
410 665 457 699 <¹2
479 664 578 699 300?
625 671 717 712 τῶν
766 665 979 728 ἀγώνων,
1034 667 1137 727 ἄρτι
1180 664 1285 711 τού·
1358 659 1691 700 Buettne'r-Wobst
1762 667 2026 715 λεσθέντων

376 725 411 756 ρ’
438 713 518 748 333.
625 755 718 784 των
762 737 1040 799 γεγονότων,
1083 737 1205 799 ἧκον
1242 738 1291 783 οἱ
1428 725 1463 756 ρ’
1490 713 1560 747 283
1585 725 1614 747 s.
2110 739 2233 802 ἧκον
2270 740 2319 786 οἱ

330 809 436 870 περὶ
480 809 560 855 τὸν
605 808 827 870 Τεβέριον
864 808 1157 870 πρεσβευταί,
1200 825 1285 854 κα-
1358 813 1441 855 τοῦ
1484 809 1713 871 Γράκχοῦ
1756 809 2042 871 πρεσβευταὶ
2084 827 2313 856 κατασκε-

294 895 311 923 2
330 880 582 926 τασκόπων
624 880 809 943 ἔχοντες
845 879 983 933 τάξιν.
1029 879 1098 932 οἷς
1135 879 1286 933 οὕτως
1311 894 1329 922 5
1358 880 1565 942 ψόμενοι
1602 880 1686 943 τὴν
1722 880 1973 942 βασιλείαν.
2011 882 2081 935 οἷς
2117 882 2144 928 ὁ
2179 881 2314 943 βασι-

329 952 569 1006 ἐπιδεξίως
618 951 884 1013 ἀπήντησεν
923 950 1165 1013 Ἀντίοχος
1207 950 1286 996 καὶ
1358 949 1468 1005 λεὺς
1504 951 1711 1014 ὡμίλησε
1750 951 2064 1014 φιλοφρόνως,
2107 952 2224 998 ὥστε

329 1023 643 1085 φιλοφρόνως,
681 1022 798 1068 ὥστε
828 1020 895 1083 μὴ
923 1021 1025 1068 οἷον
1046 1020 1156 1075 τοὺς
1180 1021 1286 1083 περὶ
1533 1051 1541 1058 ·

329 1094 410 1140 τὸν
468 1093 690 1156 Τεβέριον
744 1093 1035 1139 ὑποπτεῦσαί
1087 1110 1126 1138 τι
1180 1092 1287 1154 περὶ
1691 1093 1842 1156 μηδὲν
1878 1094 2168 1140 ὑποπτεῦσαι
2204 1094 2314 1156 περὶ

330 1166 476 1211 αὐτοῦ
530 1164 861 1227 πραγματικὸν
910 1164 941 1226 ἢ
990 1164 1288 1226 παρατριβῆς
1361 1164 1508 1210 αὐτοῦ
1569 1164 1899 1227 πραγματικὸν
1976 1165 2029 1227 ἢ
2080 1165 2315 1228 διαφορᾶς

329 1237 531 1299 ἔμφασιν
590 1236 702 1298 ἔχον
763 1235 817 1281 ἐκ
884 1240 977 1281 τῶν
1031 1234 1149 1280 κατὰ
1205 1234 1290 1297 την
1311 1250 1343 1278 ιο
1361 1235 1563 1298 ἔμφασιν
1612 1236 1724 1299 ἔχον
1773 1241 1856 1298 τῆς
1899 1234 2139 1299 δοκούσης
2179 1236 2314 1283 ὑποι-

322 1307 689 1368 Ἁλεξάνδρειαν,
732 1305 848 1352 ἀλλὰ
887 1306 965 1352 καὶ
1002 1311 1094 1352 τῶν
1125 1306 1286 1368 λεγόν·
1359 1312 1557 1368 κουρεῖν
1593 1307 1647 1352 ἐκ
1686 1313 1769 1369 τῆς
1800 1306 1918 1353 κατὰ
1950 1307 2035 1370 τὴν
2065 1307 2315 1370 Αἴγυπτον

329 1396 421 1425 των
464 1396 503 1424 τι
545 1382 757 1424 τοιοῦτον
800 1376 1166 1439 καταγινώσκειν
1209 1376 1285 1423 διὰ
1360 1377 1622 1440 γενομένης
1658 1385 1954 1441 προσκοπης.

329 1450 414 1512 τὴν
451 1449 726 1511 ὑπερβολὴν
755 1454 839 1511 τῆς
870 1448 988 1494 κατὰ
1020 1447 1105 1510 τὴν
1135 1448 1284 1494 ἀπάν-

294 1536 311 1564 3
329 1538 459 1584 τησιν
518 1520 889 1582 φιλανθρωπίας·
945 1520 999 1573 ὅς
1055 1537 1108 1581 γε
1162 1519 1285 1580 πρὸς

330 1599 425 1646 τοῖς
478 1592 635 1645 ἄλλοις
665 1591 763 1637 ,καὶ
812 1597 894 1653 τῆς
943 1590 1092 1653 αὐλῆς
1140 1607 1284 1652 παρε-
1306 1606 1339 1633 15

331 1663 522 1727 χώρησε
576 1668 672 1716 τοῖς
724 1662 1049 1724 πρεσβευταῖς,
1108 1666 1284 1723 μικροῦ

330 1735 381 1782 δὲ
430 1735 509 1781 καὶ
558 1739 641 1780 τοῦ
691 1733 981 1796 διαδήματος
1030 1732 1149 1779 κατὰ
1200 1732 1285 1795 τὴν

329 1807 556 1869 ἐπίφασιν,
598 1806 769 1866 καίπερ
811 1805 900 1850 οὐκ
933 1803 1000 1850 ὢν
1030 1809 1086 1867 τῇ
1117 1821 1284 1866 προαι-
1705 1805 1797 1851 οὐκ
1835 1805 1895 1868 ἦν
1929 1805 2014 1852 (δὲ)
2051 1809 2107 1868 τῇ
2143 1822 2312 1867 προαι-

295 1893 309 1919 ⁴
329 1877 454 1939 ρέσει
485 1881 705 1932 τοιοῦτος,
740 1875 857 1922 ἀλλὰ
888 1876 1157 1922 τούναντίον
1186 1875 1284 1921 <oist-
1357 1875 1483 1937 ρέσει
1521 1881 1745 1932 τοιοῦτος,
1783 1875 1899 1923 ἀλλὰ
1932 1876 2011 1922 καὶ
2042 1876 2314 1924 τούναντίον

329 1948 609 2010 λοτριώτατα
665 1948 963 2009 διακείμενος
1010 1946 1133 2008 πρὸς
1177 1946 1282 1992 Ῥω·
1301 1960 1338 1989 20
1357 1946 1700 2009 ἀλλοτριώτατα
1758 1947 1954 1994 διέκειτο
2022 1947 2144 2009 πρὸς
2205 1947 2311 1994 Ῥω-

329 2021 525 2082 μαίους>.
1355 2019 1538 2080 μαίους.

399 2182 416 2210 4
471 2168 670 2220 Τεβέριον]
728 2169 846 2208 Hanc
894 2167 1072 2212 formam.
1114 2182 1203 2207 cum
1245 2175 1285 2208 et

329 2230 369 2263 in
409 2223 731 2273 inscriptionibus
773 2221 837 2273 (cf.
873 2221 996 2261 Beule
1026 2221 1051 2261 l’
1079 2221 1285 2272 Acropole

329 2277 368 2316 d’
398 2276 582 2316 Athenes
619 2276 646 2319 1.
685 2276 776 2326 305)
810 2283 849 2315 et
877 2289 947 2326 per
974 2275 1283 2325 dittographiam

329 2330 437 2381 apud
473 2329 686 2380 Polybium
721 2329 783 2372 111.
813 2329 876 2372 69.
907 2329 942 2368 7.
977 2330 1050 2374 11;
1080 2329 1142 2372 70,
1177 2330 1209 2368 1.
1236 2329 1283 2377 6;

330 2385 392 2427 72,
439 2385 486 2428 1;
529 2383 591 2426 75.
644 2387 650 2421 l
702 2388 936 2426 inveniatur,
970 2382 1156 2422 omnibus
1184 2381 1284 2422 locis

329 2436 609 2476 restituendam
651 2450 738 2475 esse
779 2443 916 2475 monet
957 2434 1135 2475 Dindorf
1164 2434 1283 2484 Jahr-

329 2490 480 2530 biichez·
520 2489 587 2539 {iit-
613 2489 834 2528 classische
862 2488 1089 2539 Philoloqie
1123 2489 1221 2528 1869
1243 2503 1282 2539 p.
1431 2500 1479 2528 1-2
1533 2487 1879 2527 συντελεσθέντων
1925 2487 2127 2533 Valesius.
2168 2492 2311 2528 συνελ-

334 2544 407 2584 125
449 2557 503 2588 s.;
545 2542 594 2582 cf.
638 2542 920 2593 Dittenberqer
960 2541 1137 2581 Hermes
1184 2543 1283 2582 1872
1356 2542 1523 2579 &bu-mm.

329 2612 367 2648 p.
402 2598 487 2636 134.
1411 2606 1444 2634 10
1497 2592 1590 2647 ἔχων
1618 2593 1846 2638 Salmasius.
1875 2593 1991 2648 ἔχων.

385 2662 465 2691 19-21
523 2649 1124 2698 ἀλλοτριώτατα-Ῥωμαίους)
1189 2647 1281 2688 add.
1411 2659 1444 2687 12
1493 2654 1722 2695 προσ-κοπῆς
1750 2647 1997 2699 Wesselinq,
2026 2655 2239 2697 προκοπῆς.

330 2702 684 2754 Schweighaeuser
711 2701 862 2742 collato
891 2701 1080 2742 Diodoro
1108 2707 1228 2741 iuxta.
1411 2712 1444 2740 18
1497 2698 1572 2745 (δὲ)
1598 2700 1690 2740 add.
1720 2700 1922 2741 Valesius.

384 2857 470 2885 10-12
526 2851 598 2889 τῆς
639 2842 1143 2894 §enodem—wawarie]
1201 2842 1315 2882 Haec
1357 2842 1546 2893 Polybio,
1588 2850 1727 2882 contra
1764 2856 1866 2893 quae
1894 2848 1934 2882 in
1963 2842 2167 2894 Excerpto
2195 2842 2310 2883 Ursi-

329 2904 451 2937 niano
484 2897 667 2948 leguntur
695 2897 790 2948 (ιο-ιι
830 2896 1241 2948 Δζκ-’Αλεξοίνδρειαν),
1270 2895 1474 2946 eclogario
1502 2895 1638 2935 deberi
1665 2895 1870 2941 videntum
1899 2896 2022 2936 verba
2055 2902 2158 2936 enim
2198 2897 2310 2935 ὁποι-

328 2957 470 2999 κουρεῖν
498 2958 538 2990 et
565 2954 773 2999 πρεσκεπή
802 2949 964 3000 Polybii
990 2949 1110 2989 valde
1137 2955 1299 3000 propria
1326 2957 1428 2989 sunt.
