2430 3632
316 237 363 272 26
965 241 1122 270 OLYMP.
1151 234 1228 278 153,
1257 235 1295 270 1:
1322 239 1397 270 RES
1422 240 1642 271 cnm-:cmm

482 340 568 380 Pol
599 338 736 383 XXX,
771 340 817 378 13
847 338 995 383 ss-W.;
1026 338 1107 378 Hu.

317 417 365 462 οἱ
426 415 532 476 περὶ
593 414 808 476 Χρέμαν,
874 412 1004 475 παρὰ
1066 412 1117 459 δὲ
1178 417 1271 459 τῶν

310 487 624 547 Ἠπειρωτῶν
679 486 727 532 οἱ
770 484 876 545 περὶ
925 484 1006 530 τόν
1054 483 1270 545 Χάροπα

315 558 394 605 καὶ
430 557 617 613 Μκίαν,
658 555 789 617 παρὰ
827 554 878 602 δὲ
914 560 1008 601 τῶν
1042 554 1271 602 Αἰτωλῶν

316 630 365 675 οἷ
395 628 500 690 περὶ
530 628 611 674 τὸν
641 627 889 674 Λυκίσκον
919 626 999 672 καὶ
1033 626 1074 672 T
1069 627 1269 673 ίσιππον.

316 700 536 747 ἁπάντων
584 699 635 745 δὲ
683 697 861 744 τούτων
909 698 1034 759 ὁμοῦ
1078 697 1269 759 γενομέ-

315 789 410 817 νων
452 771 530 817 καὶ
572 770 695 831 πρὸς
736 769 822 832 τὴν
858 768 1006 831 αὐτὴν
1041 768 1271 815 ὑπόθεσιν

317 841 652 904 ἁμιλλωμένων
687 839 967 902 προθύμως,
1010 839 1090 885 καὶ
1125 840 1270 902 μηδε-

314 913 396 967 νὸς
449 912 747 976 ὑπάρχοντος
796 913 1141 974 ἀνταγωνιστοῦ
1191 909 1266 957 διὰ

314 984 365 1030 τὸ
403 982 512 1038 τοὺς
543 982 1032 1045 ἀντιπολιτευομένους
1062 983 1271 1036 ἅπαντας

1656 338 1742 378 Liv.
1773 338 1902 382 XLV,
1931 340 1994 378 31.

1297 712 1314 741 5
1342 701 1580 757 implevere
1595 717 1722 745 aures
1738 701 1888 746 decem
1906 701 2168 757 legatorum:
2189 700 2296 756 [non
2315 711 2334 739 ⁷

1343 788 1420 816 eos
1451 782 1632 820 tantum,
1656 779 1730 828 qui
1751 789 1798 816 se
1820 772 2047 827 propalam
2069 788 2148 828 per
2167 778 2296 816 vani-

1343 853 1476 888 tatem
1508 833 1742 888 iactassent
1773 853 1995 899 tamquam
2026 843 2221 899 hospites
2251 854 2295 888 et

1339 921 1503 959 amicos
1541 914 1701 962 Persei,
1734 914 1811 958 sed
1842 914 1978 958 multo
2010 914 2155 970 plures
2184 914 2295 959 alios

1343 1001 1395 1029 ex
1432 986 1606 1030 occulto
1643 985 1805 1030 favisse
1842 992 1948 1041 regi,
1982 992 2056 1041 qui
2086 1001 2166 1041 per
2196 1001 2295 1041 spe-

314 1057 524 1109 εἴκοντας
578 1061 673 1109 τοῖς
726 1060 909 1116 καιροῖς
961 1055 1268 1116 ἀνακεχωρη-
1291 1067 1323 1096 ¹0
1341 1063 1450 1100 ciem
1482 1057 1673 1101 tuendae
1703 1056 1915 1100 libertatis
1930 1063 1982 1103 ‚in
2003 1055 2197 1101 conciliis
2217 1056 2296 1100 ad-

315 1126 443 1173 κέναι
479 1126 655 1182 τελέως,
698 1126 874 1172 ἀκονιτὶ
911 1124 1267 1186 κατεκράτησαν

314 1204 397 1260 τῆς
468 1197 745 1251 ὑποθέσεως
815 1198 863 1243 οἱ
924 1195 1269 1259 προειρημένοι.

313 1555 435 1617 πρὸς
470 1554 557 1616 μὲν
594 1553 680 1600 οὗν
716 1552 797 1606 τὰς
828 1553 972 1607 ἄλλας
1001 1551 1158 1605 πόλεις
1189 1551 1268 1597 καὶ

314 1626 395 1680 τὰς
442 1625 636 1679 ἐθνικὰς
683 1624 924 1678 συστάσεις
966 1625 1015 1670 οἱ
1053 1623 1168 1670 δέκα
1213 1622 1266 1668 δι’

315 1698 469 1744 αὐτῶν
523 1702 615 1743 τῶν
663 1700 940 1758 στρατηγῶν
987 1694 1269 1757 ἐποιήσαντο

313 1769 398 1831 τὴν
440 1768 676 1831 ἐπιταγήν,
726 1767 810 1820 οὓς
853 1767 1007 1830 δεήσει
1042 1764 1268 1827 πορεύεσ-
1287 1779 1323 1808 20

314 1841 398 1887 θαι
452 1845 545 1887 τῶν
599 1840 788 1901 ἀνδρῶν
835 1840 900 1892 εἰς
948 1837 1033 1900 τὴν
1077 1836 1269 1899 Ῥώμην·

315 1911 442 1958 οὗτοι
485 1911 527 1957 δ’
568 1912 690 1974 ἦσαν
726 1910 792 1963 ὡς
828 1909 998 1956 ἐπίπαν
1035 1908 1119 1962 οὓς
1156 1907 1267 1954 ἀπέ-

315 1998 511 2046 γραψαν
560 1984 609 2029 οἱ
647 1980 982 2043 προειρημένοι
1024 1979 1144 2026 κατὰ
1188 1978 1269 2032 τὰς

314 2055 432 2107 ἰόίας
474 2052 881 2115 άντιπαραγωγάς,
929 2051 1053 2113 πλὴν
1095 2051 1270 2112 ὀλίγων

314 2125 478 2178 τελέως
509 2131 602 2172 τῶν
631 2123 835 2186 ἔκδηλόν
865 2140 904 2169 τι
928 2122 1269 2185 πεποιηκότων.
1287 2135 1322 2164 25

313 2196 434 2258 πρὸς
465 2196 515 2242 δὲ
540 2196 592 2243 τὸ
617 2201 710 2242 τῶν
728 2194 935 2257 Ἀχαιῶν
959 2193 1101 2246 ἔθνος
1126 2209 1267 2254 πρεσ-

383 2359 401 2387 6
455 2347 526 2392 τὴν
561 2345 682 2392 αὐτὴν
719 2344 1001 2388 Casaubonus.
1033 2343 1152 2390 αὐτὴν
1180 2344 1264 2390 τῂν.

369 2412 453 2440 18-19
500 2399 545 2438 δι’
575 2398 700 2437 αὑτῶν
722 2404 799 2436 τὼν
814 2397 1072 2448 στρκτηγών]
1091 2397 1136 2436 δι’
1154 2396 1270 2435 αὐτοῦ

315 2458 381 2492 τεῦ
410 2457 640 2501 στρατηγοῦ
670 2451 1025 2502 Schweighaeuser
1045 2464 1188 2493 errore,
1204 2450 1270 2489 vel

314 2507 423 2546 hiatu
459 2506 657 2546 obstante.
695 2505 801 2543 αὐτοὶ
839 2508 870 2542 σί
905 2504 1125 2554 στρατηγοὶ
1154 2517 1268 2554 prae-

315 2568 422 2600 tores
452 2567 543 2599 sunt
571 2558 830 2601 Graecorum,
853 2572 957 2608 quos
972 2557 1119 2597 litteras
1134 2556 1269 2596 Aemi-

316 2613 355 2652 lii
384 2612 496 2652 Pauli
525 2626 658 2652 secum
686 2612 848 2652 domum
869 2611 1047 2651 attulisse
1067 2625 1157 2650 cum
1171 2624 1270 2650 con-

316 2674 546 2706 sentaneum
588 2671 649 2709 sit,
691 2665 828 2704 Livius
870 2664 956 2704 aliis
997 2664 1130 2704 verbis
1166 2663 1270 2703 idem

316 2719 421 2762 dicit,
447 2719 558 2769 quod
574 2718 780 2769 Polybius.
797 2718 846 2757 cf.
863 2723 980 2757 etiam
996 2717 1154 2768 Polybii
1173 2717 1189 2768 §
1209 2718 1267 2755 11.

368 2785 402 2812 22
458 2772 598 2810 ἐπίπαν
627 2771 814 2815 Dindorf,
843 2771 1008 2822 ἀπίοι-αν,
1039 2770 1221 2809 ἀπεῖπαν.

1337 1143 1490 1172 versus
1537 1127 1763 1172 Romanos
1803 1134 1951 1171 omnia
1981 1133 2294 1175 instruxissent,

1342 1215 1423 1243 nec
1454 1199 1578 1243 aliter
1610 1215 1684 1243 eas
1707 1214 1931 1242 mansuras
1949 1204 1993 1242 in
2015 1198 2105 1242 fide
2125 1207 2291 1254 gentes.
2313 1208 2332 1237 8

1343 1277 1424 1314 nisi
1470 1271 1617 1314 fractis
1658 1276 1811 1314 animis
1846 1269 2165 1314 <adversarum>
2195 1285 2296 1325 par-

1344 1348 1448 1385 tium
1480 1341 1668 1385 aleretur
1698 1341 2119 1396 confirmareturque
2142 1350 2295 1385 aucto-

1294 1424 1324 1452 15
1344 1419 1447 1456 ritas
1469 1428 1634 1459 eorum,
1658 1418 1731 1467 qui
1753 1411 1858 1455 nihil
1879 1420 2054 1467 praeter
2069 1417 2296 1467 imperium

1347 1484 1645 1528 Romanorum
1677 1481 1955 1539 spectarent]
1988 1482 2047 1526 ab
2077 1482 2144 1526 his
2171 1481 2296 1526 editis
2316 1493 2335 1522 9
2371 1490 2381 1513 ·'

1340 1555 1588 1598 nominibus
1630 1560 1804 1598 evocati
1835 1554 1987 1597 litteris
2019 1559 2295 1608 imperatoris

1341 1642 1394 1670 ex
1425 1625 1603 1669 Aetolia
1636 1614 1975 1680 Acarnaniaque
2006 1635 2050 1668 et
2082 1623 2220 1680 Epiro
2251 1634 2295 1669 et

1343 1697 1544 1744 Boeotia,

1758 1774 1832 1823 qui
1874 1766 2058 1810 Romam
2095 1766 2154 1810 ad
2189 1781 2293 1810 cau-

1343 1856 1433 1895 sam
1465 1839 1693 1883 dicendam
1727 1848 2038 1894 sequerentur;

1340 2201 1383 2238 in
1415 2193 1630 2238 Achaiam

1412 2353 1430 2381 9
1485 2340 1710 2380 favisse
1765 2345 1898 2390 regi,
1949 2339 2053 2391 qui]
2106 2338 2292 2390 Madvig,

1344 2394 1647 2445 favissereliqui.

1400 2460 1484 2489 13-14
1538 2453 1743 2487 animis
1784 2446 2149 2490 <adversarum>
2186 2459 2294 2496 par-

1341 2510 1356 2542 t
1371 2508 1382 2541 i
1399 2517 1423 2541 u
1438 2501 1492 2552 m]
1536 2500 1805 2550 Wesenberg.
1835 2505 1978 2539 animis
2006 2504 2170 2550 aptium.

320 2955 323 2957 -
385 2939 455 2966 5-16
511 2941 537 2965 n
552 2940 579 2965 o
594 2940 693 2965 n—s
708 2940 735 2975 p
750 2939 772 2965 e
786 2939 809 2964 c
824 2933 839 2964 t
852 2939 876 2964 a
891 2939 909 2964 r
923 2939 944 2964 e
959 2939 986 2964 n
1000 2924 1044 2975 t.]
1089 2923 1331 2964 Sententiam
1363 2921 1524 2972 Polybii
1552 2929 1635 2960 arte
1664 2920 1858 2960 rhetorica
1887 2919 2023 2959 Livius
2037 2923 2295 2966 exornavisse

314 2979 481 3019 videtur.

372 3045 449 3072 ιιι-21
510 3031 576 3071 De
605 3031 755 3082 Iustino
783 3030 967 3074 XXXIII,
997 3032 1034 3074 2,
1063 3031 1086 3070 8
1115 3030 1208 3069 vide
1236 3043 1329 3079 app.
1360 3028 1407 3068 X.
