2430 3632
346 277 368 312 2
1014 278 1169 308 OLYMP.
1199 271 1278 314 153,
1307 271 1348 306 l:
1376 276 1450 307 RES
1477 276 1653 305 iTALlAE.

484 379 570 420 Pol.
600 378 737 422 XXX,
771 378 870 417 l—3
899 376 1051 421 B-W.;
1081 376 1161 415 Hu.
1591 375 1676 415 Liv.
1707 374 1839 417 XLV,
1872 374 2038 417 19—20.
2067 374 2104 413 3.

302 471 319 499 5
346 457 493 502 αἰτίαν
530 461 612 516 τῆς
648 453 904 515 ἀποδοχῆς.
960 451 1033 497 διὸ
1071 450 1150 496 καὶ
1186 449 1294 511 παρ’

347 527 507 589 ὀλίγον
532 525 652 588 ἦλθε
675 528 759 570 τοῦ
783 522 1084 585 λυμήνασθαι
1108 520 1163 567 τὰ
1186 520 1297 582 σφέ-

346 615 455 660 τερα
492 596 746 658 πράγματα
784 594 863 640 καὶ
900 593 984 655 τὴν
1017 592 1133 655 ὅλην
1162 592 1297 654 βασι-

302 684 319 712 6
346 669 481 715 λείαν.
547 672 640 713 τῶν
677 666 769 728 γὰρ
805 665 1029 711 πλείστων
1061 663 1299 725 Ῥωμαίων

348 737 799 802 ἀπηλλοτριωμένων
836 742 919 798 τῆς
955 739 1039 781 τοῦ
1068 733 1299 796 βασιλέως
1325 747 1343 776 5

347 810 594 872 Εὐμένους
635 808 819 861 εὐνοίας
861 806 940 852 καὶ
979 804 1299 867 πεπεισμένων

348 882 490 928 αὐτὸν
514 880 714 941 πλάγιον
739 879 789 924 ἐν
813 887 877 940 τῷ
896 876 1089 938 πολέμῳ
1110 875 1298 938 γεγονέ-

347 971 435 1014 ναι,
486 951 713 998 λαλοῦντα
757 958 821 1011 τῷ
863 949 1048 1010 Περσεῖ
1083 947 1162 993 καὶ
1204 952 1300 1000 τοῖς

348 1029 529 1084 καιροῖς
553 1019 862 1084 ἐφεδρεύοντα
888 1025 983 1072 τοῖς
1007 1018 1104 1064 κατ’
1127 1018 1293 1074 αὐτῶν,

304 1109 320 1136 7
347 1095 458 1141 ἔνιοι
477 1099 568 1139 τῶν
581 1093 820 1154 ἐπιφανῶν
833 1091 1021 1152 ἀνδρῶν
1033 1089 1297 1151 λαμβάνον-
1319 1102 1351 1131 10
1373 1092 1513 1149 [erant
1545 1099 1658 1137 enim
1691 1092 1867 1148 quidam
1891 1091 2189 1136 Romanorum
2212 1108 2324 1148 quo-

348 1183 420 1219 τες
443 1166 508 1219 εἰς
531 1163 613 1217 τὰς
636 1169 796 1226 χεῖρας
819 1161 901 1208 τὸν
913 1160 1140 1208 Ἄτταλον
1156 1177 1298 1222 παρε-
1370 1180 1457 1220 que
1488 1180 1578 1208 non
1609 1164 1716 1208 boni
1746 1173 1963 1211 auctores,
1992 1170 2072 1219 qui
2103 1179 2181 1218 spe
2201 1170 2323 1218 cupi-

348 1237 525 1283 κάλουν
549 1235 634 1297 τὴν
657 1233 744 1296 μὲν
767 1233 886 1294 ὑπὲρ
909 1231 1143 1293 τάδελφοῦ
1161 1247 1298 1293 πρεσ-
1369 1235 1549 1279 ditatem
1581 1241 1672 1279 eius
1699 1235 1925 1278 elicerent:
1950 1250 2046 1278 eam
2069 1241 2321 1289 opinionem
2342 1245 2360 1274 5

347 1308 480 1370 βείαν
534 1305 817 1360 ἀποθέσθαι,
876 1303 982 1365 περὶ
1032 1302 1075 1349 δ’
1127 1303 1297 1349 ἑαυτοῦ
1370 1306 1426 1350 de
1471 1305 1626 1349 Attalo
1670 1316 1713 1349 et
1761 1305 1957 1349 Eumene
2005 1305 2174 1350 Romae
2215 1322 2322 1354 esse.

309 1394 325 1422 8
352 1377 587 1425 ποιεῖσθαι
640 1374 750 1429 τοὺς
797 1375 982 1437 λόγους·
1035 1372 1297 1436 βούλεσθαι
1370 1387 1592 1433 tamquam
1644 1377 1700 1421 de
1749 1377 1891 1420 altero
1945 1376 2155 1421 Romanis
2200 1386 2324 1422 certo

355 1449 446 1512 γὰρ
484 1449 610 1510 αὐτῷ
640 1447 725 1509 τὴν
761 1445 1026 1508 σύγκλητον
1061 1461 1296 1507 συγκατα-
1318 1458 1351 1487 15
1368 1455 1524 1495 amico,
1555 1448 1696 1492 altero
1728 1463 1808 1492 nec
1837 1447 2047 1492 Romanis
2072 1464 2154 1492 nec
2177 1447 2324 1492 Persei

348 1520 590 1575 σκευάζειν
615 1519 735 1565 ἰδίαν
754 1517 909 1580 ἀρχὴν
927 1516 1006 1563 καὶ
1026 1516 1298 1562 δυναστείαν
1369 1519 1462 1563 fido
1510 1525 1645 1563 socio.
1708 1525 1856 1574 itaque
1896 1525 1971 1562 vix
2011 1525 2142 1563 statui
2179 1535 2322 1574 posse,
2345 1521 2378 1558 δ’

349 1591 424 1638 διὰ
461 1591 546 1653 τὴν
582 1589 910 1651 ἀλλοτριότητα
948 1587 1033 1650 τὴν
1067 1587 1190 1649 πρὸς
1219 1586 1300 1632 τὸν
1371 1600 1528 1638 utrum,
1567 1606 1681 1646 quae
1718 1606 1800 1646 pro
1831 1606 1890 1637 se,
1923 1606 1994 1638 an,
2027 1606 2140 1645 quae
2170 1599 2325 1635 contra

305 1678 322 1706 9
348 1662 563 1724 ἀδελφόν.
600 1660 668 1722 ἐφ’
698 1661 767 1713 οἶς
784 1659 1028 1721 συνέβαινε
1045 1658 1297 1704 τὸνἋττα-
1370 1662 1548 1705 fratrem
1565 1669 1779 1717 petiturus
1795 1671 1921 1708 esset,
1938 1661 1996 1705 ab
2014 1670 2168 1705 senatu
2185 1667 2324 1717 magis

348 1733 430 1779 λον
454 1732 527 1779 ἐπὶ
552 1730 674 1778 πολὺ
698 1730 1061 1793 μετεωρίζεσθαι
1086 1729 1166 1775 καὶ
1184 1746 1298 1791 συγ·
1371 1733 1646 1788 inpetrabilia
1665 1732 1830 1779 forent;
1852 1732 1967 1776 adeo
1984 1739 2213 1776 universos
2229 1748 2324 1776 om-

349 1802 615 1851 κατανεύειν
653 1803 733 1848 (ε’νῒἱ
773 1808 870 1855 ταῖς
911 1800 1008 1847 κατ’
1045 1801 1167 1847 ἰδίαν
1198 1801 1300 1862 ὁμι-
1320 1815 1355 1842 20
1373 1810 1445 1847 nia
1472 1813 1515 1847 et
1537 1804 1635 1847 huic
1657 1804 1850 1847 tribuere
1871 1812 1915 1847 et
1936 1803 1994 1846 illi
2014 1819 2125 1847 vero
2146 1819 2322 1859 negare.

349 1876 464 1929 λίαις
499 1880 594 1928 τοῖς
629 1875 693 1927 εἰς
729 1877 865 1918 τοῦτο
896 1872 948 1918 τὸ
979 1871 1125 1934 μέρος
1155 1871 1299 1918 αὐτὸν
1370 1890 1521 1918 eorum
1554 1875 1791 1921 hominum,
1823 1884 1870 1918 ut
1902 1890 1970 1918 res
2002 1874 2165 1928 docuit,
2192 1873 2324 1918 Atta-
2345 1884 2363 1912 ⁷

299 1962 330 1989 ιο
348 1950 667 2007 παρορμῶσιν.
721 1944 850 1997 τέλος
892 1943 943 1989 δὲ
985 1942 1107 2004 πρὸς
1149 1943 1301 1996 ἐνίους
1372 1945 1437 1989 lus
1478 1955 1586 1992 erat,
1629 1952 1716 2001 qui,
1755 1956 1965 2001 quantum
1997 1961 2097 2000 spes
2128 1961 2324 2001 spopon-

349 2022 440 2063 τῶν
471 2016 732 2078 ἀξιολόγων
756 2016 944 2075 ἀνδρῶν
969 2013 1193 2060 συνέθετο
1218 2013 1297 2059 καὶ
1370 2016 1515 2063 disset‚‘
1563 2026 1785 2071 cuperent.
1828 2023 1871 2060 ni
1903 2023 2029 2060 unius
2059 2023 2185 2061 amici
2218 2033 2322 2072 pru-

349 2087 604 2149 παρελθὼν
640 2088 703 2140 εἰς
739 2086 823 2148 τὴν
859 2084 1126 2148 σύγκλητον
1160 2084 1297 2147 ποιή-
1370 2088 1478 2131 dens
1509 2094 1692 2131 monitio
1724 2087 1845 2131 velut
1875 2087 2024 2131 frenos
2054 2094 2202 2132 animo
2233 2094 2325 2132 eius

350 2159 513 2205 σεσθαι
551 2156 660 2211 τοὺς
695 2157 800 2218 περὶ
837 2155 1014 2202 τούτων
1050 2155 1235 2218 λόγους.
1320 2169 1355 2198 25
1374 2165 1575 2213 gestienti
1607 2158 1806 2202 secundis
1838 2159 1968 2202 rebus
1999 2157 2292 2214 inposuisset]

351 2230 398 2280 2,
441 2228 667 2291 Τοιαύτης
692 2228 734 2274 δ’
763 2228 909 2290 οὔσης
933 2233 1016 2289 τῆς
1041 2227 1298 2280 διαθέσεως
1369 2229 1554 2274 Stratius
1599 2246 1697 2273 cum
1744 2245 1798 2273 eo
1830 2229 1910 2273 fuit
1948 2229 2152 2277 medicus,
2190 2229 2248 2273 ad
2279 2229 2323 2273 id
2345 2240 2364 2268 8

350 2301 454 2362 περὶ
473 2300 553 2346 τὸν
567 2299 802 2354 ’Ἀτταλον,
822 2298 1298 2359 ὀττευσάμενοςὸβα-
1372 2307 1511 2356 ipsum
1543 2317 1569 2344 a
1601 2316 1877 2344 non-securo
1911 2299 2106 2345 Eumene
2139 2300 2325 2344 Romam

350 2370 500 2424 σιλεὺς
529 2371 581 2416 τὸ
606 2370 776 2432 μέλλον
800 2369 1045 2431 ἐπιπέμπει
1070 2369 1302 2429 Στρατίον
1375 2379 1539 2419 missus,

354 2498 384 2525 14
438 2484 660 2533 βούλεο-θαι
690 2484 870 2526 Ursinus,
900 2482 1175 2530 βουλεύεσθαι.
1427 2488 1462 2516 24
1516 2475 1716 2527 animo]
1747 2490 1835 2516 cum
1864 2475 2072 2527 ianost
2085 2481 2230 2515 animis
2244 2475 2327 2527 (sic)

351 2551 386 2579 20
442 2538 476 2575 ζμ
505 2538 595 2577 add,
626 2537 905 2576 Casaubonus,
1374 2536 1488 2569 trium
1520 2529 1586 2569 vel
1614 2537 1802 2579 quattuor
1829 2529 2040 2569 litterarum
2068 2535 2238 2580 spatium
2265 2535 2326 2572 sit,

1373 2589 1498 2622 nescit
1534 2581 2048 2626 Weissenborn-Heraeus,
2076 2597 2128 2622 an
2156 2587 2273 2622 nimis
2287 2588 2327 2622 in

1374 2636 1516 2676 lacuna
1544 2636 1670 2679 fuerit,
1699 2636 1791 2676 coll.
1821 2635 1970 2675 Catulli
1998 2636 2327 2679 51,14n1·m1·um-

1373 2703 1451 2739 que
1476 2695 1616 2740 gestis.

407 2805 439 2832 10
456 2805 490 2833 25
550 2806 571 2831 e
587 2807 604 2830 t
618 2806 642 2830 a
656 2805 682 2830 n
696 2797 777 2830 t—-i
793 2805 819 2829 n
834 2805 860 2840 p
875 2804 902 2829 o
918 2804 936 2829 s
952 2796 1002 2829 ui
1019 2804 1037 2829 s
1053 2804 1071 2828 s
1086 2803 1108 2829 e
1123 2789 1166 2841 t.]
1224 2788 1428 2829 Sententia
1469 2789 1628 2840 Polybii
1656 2789 1813 2829 detorta
1839 2797 1911 2833 est.
1940 2803 2031 2828 nam
2058 2788 2114 2828 illi
2143 2788 2327 2839 „quidam

352 2846 622 2886 Romanorum
666 2859 744 2883 non
787 2844 880 2882 boni
920 2843 1131 2882 „auctores”
1174 2842 1283 2893 apud
1311 2842 1524 2893 Polybium
1552 2842 1802 2893 appellantur
1829 2841 1909 2881 ἔνιοι
1946 2847 2041 2880 τῶν
2079 2841 2326 2894 ἐπιφανῶν

352 2900 509 2948 ἀνδρῶν,
550 2907 631 2937 tum
669 2904 1063 2947 itaque—negare
1101 2896 1131 2947 (§
1166 2897 1204 2946 6)
1238 2896 1362 2935 verba
1395 2895 1528 2935 velata
1557 2904 1659 2940 sunt.
1688 2904 1827 2936 contra
1856 2895 2016 2946 Polybii
2049 2895 2121 2942 τὴν
2148 2892 2242 2945 μὲν,
2263 2927 2269 2933 .
2289 2927 2321 2934 ..

352 2951 761 3001 πρεσβείαν-λόγους
806 2950 989 3000 (12—14)
1031 2949 1138 2988 nulla
1179 2955 1458 2999 perspicuitate
1486 2957 1632 2992 carent.
1660 2955 1801 2988 nimius
1828 2948 1999 2999 denique
2027 2948 2163 2988 Livius
2190 2948 2327 2988 dicens

352 3019 510 3045 eorum
547 3005 1155 3053 hominum—imposuisset
1187 3003 1218 3052 (§
1248 3003 1311 3053 7);
1340 3016 1389 3041 ex
1418 3001 1595 3052 Polybio
1622 3009 1725 3042 enim
1753 3002 1932 3042 Attalum
1948 3001 2161 3042 flexibilem
2174 3008 2326 3041 tantum

353 3059 546 3109 fingimus,
574 3071 656 3096 non
685 3056 839 3095 malum.
