2430 3632
941 255 978 284 Α.
1029 254 1104 285 nes
1130 254 1317 286 ιιιγιὶιει.
2079 249 2124 286 15

956 352 1043 393 Liv.
1073 352 1207 397 XLV.
1237 354 1300 394 26.

134 432 256 483 cipe·
284 431 379 486 eius
407 432 598 473 civitatis
628 435 767 473 erant.
799 432 991 482 insiqnoe
1022 436 1065 470 et
1097 426 1254 471 favore
1282 425 1429 471 Persei
1455 435 1499 471 et
1520 426 1627 471 odio
1647 426 1860 471 adversus
1881 425 2121 474 Romanos.

97 507 119 538 ο
136 497 268 543 iidem
298 503 530 542 universae
559 503 680 553 genti
710 507 915 541 auctores
935 497 1203 542 desciscendi
1224 498 1283 542 ab
1306 496 1528 542 Romanis.
1567 497 1610 541 hi
1631 503 1900 543 conscientia
1920 504 2122 553 privatae

135 582 294 616 nonae.
330 574 434 624 quia
472 574 575 624 ipsis
605 567 723 612 nulla
753 583 855 623 spes
884 574 1043 612 veniae
1073 579 1181 615 erat.
1214 579 1262 613 ut
1292 575 1511 613 communi
1543 575 1668 613 ruina
1698 575 1869 624 patriae
1898 575 2120 625 opprime-

134 649 299 688 rentur.
343 639 591 685 clauserunt
637 649 802 694 portas.
849 639 1180 687 multitudinem.
1228 650 1275 684 ut
1322 650 1506 684 mortem
1547 646 1746 684 servituti
1782 650 2121 696 praeponerent.

98 720 118 750 ‘1
135 711 377 757 hortantes.
423 726 555 756 nemo
585 710 798 755 adversus
829 717 1131 766 praepotentis
1161 717 1282 755 viros
1313 710 1481 755 hiscere
1511 711 1731 758 audebat:
1764 711 1941 756 tandem
1966 710 2119 756 Theo-
2139 722 2159 751 5

133 781 267 828 dotus
295 782 488 839 quidam.
520 781 678 826 nobilis
708 791 753 826 et
784 788 878 837 ipse
906 781 1176 828 adulescens.
1198 797 1295 826 cum
1319 788 1458 826 maior
1477 798 1504 826 a
1527 780 1739 826 Romanis
1759 791 1899 827 metus
1920 789 2119 827 timorem

133 868 164 898 a
208 854 478 910 principibus
522 859 611 898 suis
655 859 844 900 vicisset.
895 850 1056 908 [..quae
1102 868 1183 897 vos
1230 851 1400 896 rabies''
1439 859 1578 908 inquit
1617 859 1795 909 ..aqitat.
1828 859 1902 909 qui
1933 853 2118 898 duorum

96 933 119 965 ο
137 923 362 970 bominum
398 939 543 969 noxae
571 930 794 969 civitatem
825 930 1121 968 accessionem
1154 923 1328 968 facitis?
1360 924 1562 979 equidem
1594 940 1677 980 pro
1708 931 1850 979 patria
1881 931 1955 980 qui
1987 925 2119 970 letum

133 1001 420 1053 oppetissent.
452 1010 586 1051 saepe
615 994 753 1039 fando
782 994 961 1039 audivi:
994 1000 1102 1050 <qui>
1133 1001 1319 1050 patriam
1351 1010 1434 1050 pro
1465 1010 1512 1039 se
1539 1002 1683 1050 perire
1702 1011 1854 1040 aecum
1876 1006 2119 1043 censerent.

133 1066 180 1112 hi
224 1072 352 1123 primi
396 1073 563 1111 inventi
610 1076 722 1111 sunt.
785 1072 891 1121 quin
936 1072 1155 1121 aperimus
1202 1076 1353 1121 portas
1383 1076 1427 1110 et
1458 1072 1685 1121 imperium
1715 1072 1966 1121 accipimus.
1998 1067 2119 1123 quod

95 1146 118 1177 ⁹
134 1137 257 1183 orbis
290 1147 503 1182 terrarum
533 1143 704 1193 accepit
719 1134 785 1192 T']
819 1136 928 1180 haec
959 1136 1174 1180 dicentem
1206 1152 1304 1180 cum
1336 1136 1568 1181 multitudo
1598 1147 1866 1192 sequeretur.
1898 1136 2121 1182 Antinous

133 1217 180 1255 et
222 1207 488 1254 Theodotus
532 1214 577 1252 in
622 1215 806 1264 primam
852 1214 1086 1252 stationem
1119 1207 1308 1251 hostium
1340 1214 1595 1263 inruperunt
1625 1218 1761 1263 atque
1791 1208 1850 1252 ibi
1881 1208 2121 1253 offerentes

83 1289 117 1320 ιο
134 1295 184 1325 se
231 1285 314 1336 ipsi
364 1280 620 1324 volneribus
669 1278 914 1325 interfecti:
966 1278 1071 1322 urbs
1115 1278 1264 1322 dedita
1310 1289 1376 1323 est
1425 1278 1647 1323 Romanis.
1709 1279 1835 1323 simili
1880 1286 2120 1335 pertinacia

134 1349 407 1408 Cephalonis
437 1357 644 1407 principis
673 1350 866 1395 clausum
887 1348 1159 1394 Tecmonem
1181 1356 1279 1405 ipso
1300 1349 1531 1394 interfecto
1553 1365 1631 1405 per
1651 1349 1918 1395 deditionem
1941 1357 2117 1406 recepit.

11 1443 13 1445 ·
82 1433 112 1462 11
134 1437 217 1468 nec
258 1421 453 1478 Phylace
494 1437 574 1467 nec
607 1421 829 1466 Horreum
861 1428 1239 1477 oppugnationem
1271 1421 1474 1465 tulerunt.
1522 1431 1680 1476 pacata
1713 1419 1851 1477 Epiro
1881 1422 2120 1478 divisisque

135 1499 181 1538 in
220 1492 405 1539 hiberna
444 1499 584 1549 copiis
614 1508 694 1548 per
724 1502 1000 1548 opportunas
1033 1493 1175 1539 urbes.
1208 1508 1430 1548 regressus
1460 1499 1554 1547 ipse
1585 1498 1628 1536 in
1662 1492 1877 1547 Illyricum
1908 1492 2118 1541 Scodrae.

133 1557 225 1621 quo
254 1570 449 1621 quinque
479 1564 612 1620 legati
642 1564 701 1608 ab
733 1563 877 1608 Roma
908 1573 1135 1609 venerant.
1168 1570 1365 1607 evocatis
1396 1579 1449 1607 ex
1480 1573 1575 1607 tota
1601 1570 1829 1619 provincia
1851 1565 2119 1620 principibus

82 1645 116 1676 12
133 1645 401 1682 conventum
432 1635 598 1680 babuit.
645 1635 705 1680 ibi
737 1651 820 1690 pro
850 1635 1055 1679 tribunali
1087 1641 1389 1690 pronuntiavit
1419 1635 1476 1679 de
1496 1642 1711 1679 sententia
1731 1636 1899 1680 consilii
1920 1647 2117 1681 senatum

133 1706 434 1764 populumque
479 1705 725 1751 Romanum
775 1706 946 1762 Illyrios
991 1721 1087 1750 esse
1132 1706 1294 1750 liberos
1339 1706 1517 1750 iubere:
1565 1707 1781 1762 praesidia
1822 1723 1875 1751 ex
1915 1708 2119 1752 omnibus

2144 1077 2176 1106 10

2142 1433 2175 1462 15

82 1786 116 1817 13
133 1777 323 1835 oppidis.
362 1778 550 1826 arcibus.
591 1777 778 1823 castellis
808 1793 904 1822 sese
934 1777 1234 1821 deducturum.
1282 1793 1372 1821 non
1403 1777 1541 1821 solum
1575 1778 1749 1826 liberos.
1781 1779 1859 1823 sed
1889 1786 2019 1824 etiam
2051 1786 2117 1824 in-
2138 1791 2174 1820 zo

133 1864 286 1895 munes
324 1849 422 1894 fore
459 1849 649 1894 lssensoe
679 1859 723 1893 et
754 1848 1029 1895 Taulantios.
1065 1847 1417 1892 Dassaretiorum
1453 1847 1658 1896 Pirustas.
1692 1848 1960 1899 Rhizonitas.
1992 1850 2117 1897 Olci-

83 1930 115 1959 11
135 1926 290 1968 niatas.
337 1921 459 1977 quod
505 1920 709 1965 incolumi
746 1919 913 1965 Gentio
943 1920 1000 1964 ad
1034 1919 1260 1964 Romanos
1290 1920 1563 1964 defecissent.
1614 1919 1798 1965 Daorsis
1829 1938 2008 1978 quoque
2038 1930 2117 1968 im-

0 1986 5 2007 *
133 1997 387 2037 munitatem
418 1991 538 2040 dare.
570 1991 692 2048 quod
723 1992 876 2036 relicto
907 1989 1183 2036 Caravantio
1213 2006 1309 2035 cum
1341 1998 1472 2035 armis
1502 1991 1559 2034 ad
1593 1990 1818 2036 Romanos
1848 2000 2115 2039 transissent.

132 2061 450 2108 Scodrensibus
493 2073 538 2108 et
570 2062 915 2108 Dassarensibus
946 2073 989 2107 et
1019 2061 1280 2117 Selepitanis
1310 2068 1553 2117 ceterisque
1586 2062 1740 2117 Illyriis
1771 2064 1959 2120 vectigal
1989 2065 2115 2110 dimi-

0 2109 15 2170 γη
82 2133 252 2179 ¹⁵dium
288 2140 394 2182 eius.
425 2134 547 2190 quod
579 2141 669 2191 regi
703 2134 1026 2190 pependissent.
1059 2140 1356 2188 <.impositum.>
1393 2133 1495 2177 inde
1526 2139 1568 2177 in
1600 2143 1688 2178 tres
1719 2145 1867 2188 partes
1898 2135 2114 2191 Illyricum
2136 2148 2172 2177 25

132 2205 294 2250 divisit.
356 2221 487 2250 unam
532 2221 629 2250 eam
676 2205 791 2253 fecit.
838 2221 953 2261 quae
998 2221 1130 2260 supra
1179 2203 1356 2249 Dictam
1388 2214 1467 2251 est.
1498 2204 1678 2248 alteram
1712 2204 1930 2251 Labeatas
1960 2215 2114 2257 omnis.

134 2282 305 2321 tertiam
356 2275 660 2333 Aqravonitas
709 2287 754 2321 et
807 2275 1062 2321 Rhizonitas
1112 2286 1155 2320 et
1207 2274 1454 2345 Olciniatas
1498 2276 1760 2331 accolasque
1806 2293 1970 2322 eorum.
2034 2280 2115 2325 bac

133 2347 321 2393 formula
350 2347 468 2393 dicta
501 2346 579 2404 [in]
615 2347 789 2404 Illyrico
821 2354 914 2403 ipse
946 2347 1046 2391 inde
1077 2346 1197 2402 Epiri
1232 2346 1519 2391 Passaronem
1553 2353 1595 2390 in
1628 2347 1810 2392 hiberna
1842 2349 1965 2393 redit.

200 2504 221 2534 s
272 2500 422 2535 civit
435 2508 460 2534 a
474 2502 490 2535 t
504 2507 527 2535 e
543 2508 581 2535 m
641 2493 890 2537 Gronovius.
919 2499 1113 2533 civitates.

201 2558 222 2589 9
273 2546 384 2600 qui]
425 2547 518 2588 add.
602 2579 611 2587 .
640 2547 731 2588 Bas.
766 2548 878 2588 1531.

183 2611 272 2642 21-22
328 2599 346 2641 ἱ
357 2614 386 2642 o
400 2599 551 2642 rie—O
565 2600 577 2641 l
592 2614 615 2641 c
630 2607 642 2641 i
657 2615 683 2641 n
698 2607 709 2641 i
723 2615 748 2641 a
763 2609 778 2641 t
792 2615 817 2641 a
831 2600 866 2653 s]
910 2600 972 2640 ed.
1007 2599 1097 2640 Bas.
1134 2599 1226 2640 1531
1261 2604 1356 2638 satis
1382 2598 1517 2641 dubia.
1546 2598 2116 2649 foressenesetaudantiosdas

61 2656 63 2658 ’
131 2654 815 2695 serentiocumtirustatasinittassol
839 2659 1022 2694 ciniatas.

184 2718 221 2747 ‘a
273 2705 522 2748 Daorsis
580 2714 649 2749 sic.
677 2721 767 2748 cum
796 2705 1278 2748 Weissenborn-Heraeo
1305 2704 1371 2745 vel
1400 2704 1589 2745 Daorsiis
1612 2707 1861 2748 scribendum
1882 2708 2048 2752 videtur.
2064 2709 2114 2750 cf.

133 2758 497 2812 Pauly-wissowa
562 2762 789 2802 eallexicon
819 2775 848 2801 s.
880 2775 917 2799 v.
949 2759 1133 2800 Daversi.
1162 2759 1357 2798 doarseis.

183 2824 222 2855 25
274 2819 338 2854 im
353 2828 381 2865 p
394 2827 424 2855 o
437 2820 511 2855 sit
527 2829 554 2855 u
568 2814 622 2867 m]
664 2815 756 2855 add.
787 2812 1298 2855 Weissenborn-Heraeus.

184 2877 222 2908 ιο
274 2879 294 2907 s
308 2882 334 2907 u
349 2881 377 2918 p
390 2881 409 2907 r
420 2881 446 2907 a
487 2866 528 2908 D
544 2873 591 2908 ic
607 2877 622 2908 t
636 2882 661 2908 a
676 2882 712 2908 m
754 2881 777 2908 e
792 2881 811 2907 s
826 2867 856 2919 t]
901 2865 1412 2908 Weissenborn-Heraeus.
1442 2866 1789 2916 supradictamest.

184 2929 222 2962 D
274 2919 344 2973 in]
383 2920 462 2961 del.
491 2920 676 2973 Madviq.

184 3054 251 3084 ⁴141
306 3057 333 3095 q
348 3058 374 3084 u
387 3057 412 3084 a
425 3058 449 3084 e
490 3058 508 3084 r
521 3057 546 3084 a
560 3044 587 3084 b
602 3049 613 3084 i
628 3057 650 3084 e
666 3058 763 3084 s-a
778 3057 799 3083 c
814 3057 837 3083 c
852 3057 874 3083 e
890 3057 917 3093 p
932 3049 942 3082 i
958 3051 972 3082 t
989 3041 1021 3094 7]
1065 3040 1210 3082 Oratio
1238 3055 1261 3081 a
1286 3041 1403 3082 Livio
1425 3051 1508 3083 arte
1533 3043 1726 3084 rhetorica
1743 3043 1932 3085 fabricata
1948 3046 2112 3086 videtur.
