2430 3632
315 253 362 288 20
972 257 1129 287 OLYMP.
1158 251 1235 295 153,
1264 252 1302 287 l:
1329 257 1403 288 RES
1429 257 1647 288 GRAEcmss.

487 355 610 396 Diod.
640 354 795 399 XXXI,
825 356 862 398 8,
891 356 995 394 6—9
1024 355 1091 394 Di.
1650 355 1737 395 Liv.
1767 355 1899 400 XLV,
1930 357 1994 396 29.

315 435 408 477 τῶν
450 429 679 476 Αἰτωλῶν
722 431 990 486 ἀποζεῦξαι,
1039 429 1118 476 καὶ
1161 428 1271 484 τοὺς

315 502 550 564 ἐπιφανεῖς
603 501 780 562 ἄνδρας
828 505 920 547 τῶν
968 501 1271 548 Μακεδόνων

316 574 380 626 εἰς
416 573 465 618 ἓν
501 578 796 634 συναγαγεῖν.

1344 647 1456 704 Ipse,
1488 649 1562 692 ubi
1593 648 1685 692 dies
1716 656 1851 696 venit,
1883 666 1973 705 quo
2003 649 2158 694 adesse
2184 649 2293 693 Am·
2315 651 2386 694 29.

1297 729 1315 757 5
1342 719 1509 775 phipoli
1540 719 1679 764 denos
1704 726 1922 775 principes
1946 726 2186 765 civitatium
2207 727 2293 765 ius·-

1343 800 1458 834 serat
1499 790 1751 846 litterasque
1791 797 1945 839 omnis,
1988 807 2102 846 quae
2131 791 2294 847 ubique

1341 861 1570 916 depositae
1610 854 1766 909 essent,
1804 871 1848 905 et
1879 868 2107 917 pecuniam
2128 869 2292 918 regiam

1341 932 1544 979 conferri,
1570 948 1668 976 cum
1689 932 1840 977 decem
1861 932 2016 988 legatis
2036 933 2294 978 circumfusa

1342 1009 1459 1047 omni
1506 1003 1778 1047 multitudine
1810 1003 2113 1048 Macedonum
2143 1010 2188 1048 in
2218 1011 2294 1048 tri-

1291 1085 1323 1113 10
1341 1073 1490 1118 bunali
1511 1074 1721 1118 consedit.
1753 1074 1944 1118 adsuetis
1965 1081 2089 1130 regio
2109 1081 2293 1130 imperio
2314 1085 2333 1114 2

1342 1155 1488 1189 tamen
1519 1151 1625 1189 novi
1645 1150 1831 1200 in<perii>
1852 1145 2037 1206 formam
2059 1145 2293 1190 terribilem

1342 1216 1555 1271 praebuit.
1603 1216 1806 1273 tribunal,
1868 1225 2087 1260 summoto
2136 1216 2293 1265 aditus,

1342 1303 1517 1342 praeco,
1534 1284 1771 1335 accensus,
1800 1294 1969 1331 insueta
1990 1294 2137 1331 omnia
2158 1288 2296 1332 oculis

1341 1358 1619 1414 auribusque,
1667 1374 1782 1414 quae
1821 1358 1893 1402 vel
1917 1365 2092 1406 socios,
2133 1359 2293 1403 nedum

1291 1441 1323 1469 ¹5
1341 1430 1479 1474 hostis
1509 1436 1651 1473 victos
1683 1439 1847 1473 terrere
1878 1439 2070 1485 possent.
2121 1430 2293 1475 silentio
2313 1440 2341 1490 3ι

1341 1517 1420 1557 per
1461 1517 1723 1556 praeconem
1765 1501 1884 1545 facto
1927 1501 2087 1546 Paulus
2125 1501 2293 1550 Latine,

1342 1588 1456 1627 quae
1506 1579 1688 1619 senatui,
1741 1588 1856 1627 quae
1901 1573 1982 1616 sibi
2029 1588 2081 1616 ex
2126 1573 2293 1619 consilii

1342 1650 1556 1688 sententia
1587 1650 1682 1687 visa
1714 1653 1870 1690 essent,
1894 1650 2207 1698 pronuntiavit.
2241 1659 2294 1688 ea

1343 1714 1425 1758 Cn.
1459 1714 1678 1759 Octavius
1709 1723 1887 1770 praetor
1922 1740 1972 1752 ..-
2007 1731 2107 1758 nam
2136 1724 2179 1759 et
2200 1721 2295 1771 ipse

1288 1796 1324 1825 20
1341 1786 1495 1830 aderat
1520 1810 1570 1823 -
1594 1792 1880 1840 interpretata
1900 1801 2102 1829 sermone
2117 1784 2294 1830 Graeco

825 1851 944 1898 ἔνθα
987 1851 1270 1912 ἐλευθέρους
1342 1857 1583 1901 referebat:
1645 1863 1837 1901 omnium
1893 1863 2077 1912 primum
2132 1856 2293 1901 liberos
2313 1868 2332 1895 4

318 1922 395 1971 καὶ
450 1923 786 1986 ἀφρουρήτους
840 1921 1012 1976 αὐτοὺς
1065 1924 1270 1985 ἀφῆκαν.
1343 1944 1438 1972 esse
1457 1928 1608 1972 iubere
1628 1927 1919 1975 Macedonas,
1943 1927 2143 1971 habentis
2163 1928 2294 1972 urbes

1324 1999 1516 2046 ⁴easdem
1547 2015 1779 2054 agrosque,
1812 2008 1982 2042 utentes
2003 1998 2171 2054 legibus
2191 2005 2292 2046 suis,

1341 2086 1512 2114 annuos
1542 2076 1729 2114 creantis
1760 2076 2055 2125 magistratust
2084 2069 2292 2114 tributum

1288 2151 1323 2181 25
1341 2141 1563 2185 dimidium
1584 2147 1689 2188 eius,
1712 2141 1832 2196 quod
1854 2140 2162 2195 pependissent
2178 2146 2292 2196 reqi-

1342 2211 1435 2259 bus,
1469 2211 1661 2266 pendere
1691 2211 1858 2266 populo
1892 2210 2107 2255 Romano.

281 2294 297 2321 7
317 2279 574 2326 κατέλυσαν
617 2278 668 2325 δὲ
711 2279 790 2325 καὶ
833 2277 914 2333 τὰς
955 2278 1009 2324 ἐκ
1054 2283 1146 2324 τῶν
1188 2295 1268 2340 με-

316 2350 495 2397 τάλλων
532 2348 749 2412 ἀργύρου
786 2349 865 2396 καὶ
902 2354 1085 2413 χρυσοῦ
1120 2366 1268 2411 προσ-

318 2422 472 2477 όδους,
526 2421 601 2467 διά
644 2437 691 2467 τε
733 2421 784 2467 τὸ
833 2425 926 2467 τῶν
962 2419 1270 2467 ἐνοικούντων

317 2492 666 2555 ἀνεπηρέαστον
720 2492 799 2538 καὶ
854 2493 985 2546 ὅπως
1038 2492 1105 2554 μή
1155 2509 1271 2545 τινες
1288 2507 1324 2535 3ο

1398 2613 1424 2640 ιι
1483 2606 1536 2639 in
1550 2607 1594 2650 <p
1609 2613 1631 2639 e
1646 2614 1663 2639 r
1678 2606 1689 2639 i
1703 2606 1732 2644 i>
1759 2613 1858 2639 corr.
1889 2599 2054 2640 Harant.

370 2735 456 2764 24-26
503 2723 1117 2775 tributum—Romana]
1162 2723 1289 2763 Paulo
1317 2731 1409 2763 ante
1437 2738 1461 2763 a
1490 2722 1682 2774 Syncello
1710 2723 1847 2774 (Diod.
1878 2738 1911 2763 c.
1943 2725 1979 2767 8,
2009 2726 2033 2763 4
2061 2723 2111 2763 cf.
2142 2723 2227 2764 Liv.
2257 2737 2291 2764 c.

323 2778 381 2820 18,
407 2777 444 2829 7)
468 2784 507 2817 in
527 2785 686 2817 senatus
701 2777 888 2817 consulto
902 2777 1162 2817 memorando
1176 2783 1252 2816 iam
1267 2777 1450 2817 traditum
1466 2784 1504 2816 et
1519 2777 1622 2817 hanc
1637 2777 1692 2817 ob
1707 2791 1867 2817 causam
1881 2777 1945 2816 hic
1959 2777 2011 2816 ab
2026 2788 2077 2817 eo
2092 2783 2292 2817 omissum.

370 2843 458 2871 27-29
512 2831 1033 2882 merfflm-w—-wpoo—esomgfl
1065 2830 1104 2869 A
1133 2830 1249 2870 Livio
1277 2836 1478 2873 omissum,
1508 2836 1696 2880 quoniam
1724 2836 1950 2870 necessario
1978 2830 2217 2880 sequebatur
2243 2844 2294 2870 ex

319 2897 381 2927 eo,
424 2884 534 2934 quod
575 2883 822 2923 metallorum
854 2884 1164 2923 exercendorum
1193 2889 1252 2923 ius
1281 2889 1337 2923 eis
1364 2884 1592 2934 ademptum
1620 2891 1714 2926 erat,
1744 2884 1796 2926 id.
1826 2883 1936 2934 quod
1964 2891 2155 2923 memorat
2183 2884 2200 2934 §
2233 2885 2292 2923 ll.

371 2949 439 2977 27-3
459 2956 488 2983 p.
507 2950 537 2977 21
588 2937 864 2989 διά-ἀρχήν]
904 2937 943 2976 Α
971 2937 1088 2977 Livio
1117 2943 1275 2980 omissa,
1304 2951 1354 2976 ne
1383 2951 1477 2976 vera
1492 2936 1658 2976 consilia
1673 2944 1833 2976 senatus
1849 2936 2061 2986 patefiant:
2077 2936 2127 2976 cf.
2142 2936 2294 2976 Nissen

319 3004 357 3039 p.
401 2990 472 3034 292
514 3004 604 3029 nam
646 3004 679 3029 c.
727 2991 773 3029 18
815 3004 864 3030 ex
902 2990 1116 3030 Annalium
1145 2996 1336 3040 scriptore
1364 2997 1562 3040 sumptum
1590 2989 1753 3040 (Nissen
1782 3005 1820 3040 p.
1851 2990 1942 3040 274)
1969 2989 2146 3030 colorem
2173 2989 2294 3029 habet

320 3042 510 3082 Romanis
538 3042 748 3083 faventem.
