2430 3632
420 251 468 288 90
1209 259 1480 290 APPENmCES.

420 372 470 417 ἐν
513 371 555 417 δ’
598 370 828 434 Ὀλυμπίᾳ
871 376 1008 418 τοῦτο
1052 372 1113 435 δὴ
1156 372 1208 419 τὸ
1245 373 1613 437 πολυθρύλητον
1648 375 1828 423 ἐκεῖνον
1863 376 2265 439 ἀναφθέγξασθαί

421 460 572 504 φασιν,
616 443 682 496 ὡς
719 443 800 490 τὸν
833 442 1046 506 Ὀμήρου
1083 443 1170 490 Δία
1213 444 1399 499 Φειδίας
1435 445 1770 493 ἀποπλάσαιτο.

480 570 613 619 Quae
659 587 922 627 quamquam
970 588 1066 615 cum
1115 571 1306 627 Polybio
1338 580 1476 629 magis
1507 585 1767 629 congruunt,
1801 591 1931 630 quam
1964 575 2075 620 Livii
2107 577 2259 624 verba,

420 654 565 686 tamen
614 641 847 697 Polybium
894 655 997 686 ante
1044 643 1194 687 oculos
1241 643 1446 688 habuisse
1493 644 1773 689 Plutarchum
1820 653 1892 689 vix
1930 647 2086 694 credo3
2125 647 2180 691 cf
2214 649 2259 686 τὸ

420 713 498 754 πο)
508 712 755 766 ιθρύλητον.

563 863 714 907 Diod.
748 862 915 909 XXXI,
940 863 980 909 8,
1010 864 1132 905 1—5·
1193 857 1292 904 Ὅτι
1324 859 1372 904 οἱ
1393 858 1607 921 Ῥωμαῖοι
1637 860 1687 906 ἐν
1717 867 1812 914 τοῖς
1842 861 2116 923 ἔμπροσθεν
2145 862 2260 925 χρό-

482 938 491 946 ’
561 948 658 985 νοις
701 934 792 976 τῶν
834 931 1065 991 μεγίστων
1105 929 1338 991 βασιλέων
1374 929 1620 994 Ἀντιόχου
1653 931 1742 977 καὶ
1791 932 2023 979 Φιλίππου
2065 932 2259 996 πολέμῳ

419 1002 790 1063 περιγενόμενοι,
824 1005 1049 1046 τοσοῦτον
1103 1000 1366 1063 ἀπέσχοντο
1420 1006 1503 1047 τοῦ
1557 1003 1783 1064 τιμωρίαν
1836 1002 2094 1065 λαμβάνειν
2146 997 2265 1066 παρ”’

419 1073 585 1128 αὐτων,
635 1073 751 1118 ὥστε
793 1071 862 1134 μὴ
905 1072 1055 1131 μόνον
1097 1078 1405 1134 συγχωρῆσαι
1453 1072 1535 1126 τὰς
1575 1073 1813 1135 βασιλείας
1848 1074 1982 1137 ἔχειν,
2024 1074 2141 1121 ἀλλὰ
2178 1075 2258 1122 καὶ

419 1144 585 1206 φίλους
622 1142 795 1197 αὐτοὺς
831 1142 1135 1205 ποιήσασθαι.
1172 1143 1223 1189 ἐν
1259 1143 1310 1189 δὲ
1341 1142 1522 1197 τούτοις
1551 1150 1646 1198 τοῖς
1676 1145 1878 1207 χρόνοις,
1913 1146 2295 1218 προδιηγωνισ-ε,

417 1215 549 1276 μένοι
597 1214 823 1268 πολλάκις
872 1213 995 1275 πρὸς
1042 1214 1235 1275 Περσέα
1280 1215 1359 1260 καὶ
1403 1213 1652 1269 κινδύνους
1686 1216 1924 1278 μεγάλους
1959 1216 2257 1280 ὑπομεμενη-

418 1286 563 1342 κότες,
635 1285 796 1347 ἐπειδὴ
858 1291 941 1347 τῆς
1000 1285 1303 1331 Μακεδόνων
1362 1286 1599 1347 βασιλείας
1662 1287 1940 1350 ἐκράτησαν,
2003 1287 2259 1350 ἐλευθέρας

417 1358 612 1420 ἀφῆκαν
648 1357 729 1410 τὰς
766 1355 973 1410 ἁλούσας
1008 1355 1166 1410 πόλεις
1202 1356 1332 1418 παρὰ
1365 1357 1449 1419 τὴν
1480 1358 1699 1404 ἁπάντων
1729 1359 2034 1420 προσδοκίαν.
2072 1359 2130 1405 οὐ
2163 1359 2256 1422 γάρ

417 1429 517 1475 οἷον
577 1434 669 1474 τῶν
728 1427 882 1474 ἄλλων
936 1427 1171 1489 ὑπέλαβεν
1226 1428 1284 1473 ἄν
1338 1445 1414 1483 τις,
1475 1428 1569 1474 ἀλλ’
1628 1429 1730 1475 οὐδ’
1789 1430 1920 1476 αὐτοὶ
1975 1429 2257 1485 Μακεδόνες

415 1500 614 1562 ἤλπιζον
664 1498 1020 1562 ἀξιωθήσεσθαι
1066 1497 1347 1561 τηλικαύτης
1389 1499 1761 1561 φιλανθρωπίας,
1803 1501 2063 1555 συνειδότες
2099 1501 2257 1556 αὐτοῖς
2277 1524 2310 1552 ιο
2375 1515 2378 1518 “

415 1571 565 1617 πολλὰ
608 1571 687 1617 καὶ
723 1570 906 1632 μεγάλα
943 1570 1388 1633 παρανενομηκόσιν
1424 1572 1489 1624 εἰς
1520 1570 1784 1633 Ῥωμαίους.
1822 1572 2125 1635 τετυχηκότες
2162 1572 2255 1635 γὰρ

414 1642 488 1688 ἐπὶ
537 1648 631 1695 τοῖς
679 1642 912 1703 πρότερον
960 1641 1229 1703 ἀγνοήμασι
1265 1641 1564 1704 συγγνώμης,
1606 1643 1799 1697 εἰκότως
1835 1644 1894 1689 ἄν
1929 1649 2025 1697 τοῖς
2060 1644 2256 1705 ὕστερον

416 1714 746 1775 ἁμαρτήμασιν
793 1713 1131 1774 ὑπελάμβανον
1177 1713 1360 1766 ἑαυτοῖς
1407 1713 1587 1775 μηδένα
1610 1711 1771 1776 ’λόγον
1807 1715 1990 1760 δίκαιον
2025 1716 2089 1768 εἰς
2124 1714 2256 1761 ἔλεον

379 1800 394 1826 2
415 1785 493 1830 καὶ
530 1786 809 1847 παραίτησιν
846 1783 1194 1846 ἀπολελεῖφθαι.
1233 1784 1291 1829 οὐ
1327 1784 1425 1846 μὴν
1461 1785 1492 1846 ἦ
1530 1783 1795 1847 σύγκλητος
1832 1786 1862 1847 ἦ
1900 1791 1992 1832 τῶν
2018 1785 2256 1848 Ῥωμαίων

375 2653 393 2681 3

375 2869 390 2895 4

415 1856 803 1918 ἐμνησικάκησεν,
834 1854 950 1901 ἀλλὰ
982 1853 1336 1917 μεγαλοψύχως
1366 1855 1445 1901 καὶ
1474 1857 1815 1918 προσηκόντως
1838 1857 2050 1910 ἑκάστοις
2073 1874 2254 1920 προση-
2275 1881 2309 1909 15

415 1927 578 1990 νέχθη.
629 1926 821 1988 Περσέα
870 1925 957 1988 μὲν
1006 1925 1099 1987 γὰρ
1148 1926 1201 1972 ἐκ
1251 1926 1506 1988 προγόνων
1554 1927 1798 1989 ὀφείλοντα
1847 1928 2052 1990 χάριτας,
2093 1927 2254 1991 ἐπειδὴ

416 1998 545 2059 παρὰ
583 1998 665 2051 τὰς
701 1998 950 2060 συνθήκας
987 1997 1153 2043 ἄδικον
1189 1997 1413 2059 ἐξήνεγκε
1448 1998 1669 2060 πόλεμον,
1705 1998 1929 2060 λαβόντες
1958 1999 2255 2062 αἰχμάλωτον

413 2071 477 2123 εἰς
520 2069 778 2130 ἐλευθέραν
815 2068 1047 2115 ἀπέθεντο
1084 2068 1316 2130 φυλακήν,
1357 2069 1577 2115 ἐλάττονά
1616 2087 1669 2131 γε
1707 2075 1799 2115 τῶν
1834 2070 2255 2133 παρανομημάτων

414 2141 733 2202 λαμβάνοντες
781 2141 1016 2202 τιμωρίαν·
1064 2139 1116 2185 τὸ
1167 2139 1218 2185 δὲ
1267 2145 1360 2186 τῶν
1408 2139 1711 2186 Μακεδόνων
1758 2141 1901 2195 ἔθνος
1937 2143 2002 2195 εἰς
2038 2141 2253 2188 δουλείαν

414 2212 606 2265 δικαίως
667 2213 725 2257 ἂν
786 2212 991 2273 ἄγοντες,
1059 2210 1407 2272 ἠλευθέρωσαν,
1475 2211 1624 2264 οὕτως
1678 2211 1882 2274 εὐγενῶς
1942 2213 2020 2258 καὶ
2074 2212 2307 2275 ταχέωςρο

413 2282 664 2345 προέμενοι
713 2282 798 2344 τὴν
845 2283 1116 2344 εὐεργεσίαν
1165 2282 1282 2327 ὥστε
1317 2282 1439 2344 μηδὲ
1476 2281 1606 2343 παρὰ
1643 2287 1736 2328 τῶν
1771 2283 2058 2329 ἐπταικότων
2094 2283 2253 2346 δέησιν

413 2355 665 2416 ἀναμεῖναι.
715 2354 893 2416 ὁμοίως
941 2352 1020 2399 καὶ
1069 2357 1161 2398 τῶν
1204 2352 1440 2413 Ἱλλυριῶν
1475 2353 1668 2415 πολέμῳ
1705 2354 2020 2416 κρατήσαντες
2057 2355 2251 2401 αὐτονό-

412 2442 533 2486 μους
570 2426 774 2487 ἀφῆκαν,
819 2425 909 2487 οὐχ
946 2424 1096 2477 οὕτως
1127 2424 1288 2477 ἀξίους
1319 2423 1575 2486 ἡγούμενοι
1607 2424 1798 2487 χάριτος
1828 2424 1937 2478 τοὺς
1967 2426 2252 2487 βαρβάρους

413 2496 478 2549 ὡς
507 2497 688 2550 ἑαυτοῖς
717 2496 977 2558 προσήκειν
1007 2495 1275 2557 νομίζοντες
1305 2495 1555 2557 κατάρχειν
1578 2495 1847 2557 εὐεργεσίας
1871 2496 1949 2542 καὶ
1974 2496 2042 2558 μὴ
2067 2496 2250 2559 μεγάλα

412 2573 603 2628 φρονεῖν
639 2568 689 2613 ἐν
725 2573 822 2620 ταῖς
858 2567 1099 2621 ἐξουσίαις.
1136 2569 1256 2624 (Exc.
1289 2569 1392 2613 Val.
1427 2587 1467 2612 n.
1487 2571 1585 2617 275.
1610 2569 2013 2614 Buettner-Wobst
2038 2589 2078 2626 p.
2097 2573 2183 2616 280
2200 2571 2304 2626 s.)25

471 2637 569 2684 ’Ότι
611 2639 745 2692 ἔδοξε
788 2643 843 2700 τῇ
887 2637 1137 2699 συγκλήτῳ
1180 2635 1289 2690 τούς
1331 2653 1378 2682 τε
1414 2636 1706 2690 Μακεδόνας
1742 2637 1821 2683 καὶ
1858 2636 1967 2692 τοὺς
1997 2637 2249 2700 Ἰλλυριοὺς

411 2709 693 2770 ἐλευθέρους
742 2710 925 2771 ἀφεῖναι
974 2708 1027 2754 τὰ
1078 2709 1224 2770 ἡμίση
1275 2708 1489 2761 διδόντας
1539 2707 1606 2754 ὧν
1653 2708 1886 2769 πρότερον
1934 2709 2119 2756 ἐτέλουν
2154 2716 2250 2764 τοῖς

411 2781 542 2834 ἰδίοις
577 2780 853 2842 βασιλεῦσιν.
892 2782 1012 2838 (Exc.
1045 2783 1148 2826 Val.
1182 2800 1223 2825 n.
1255 2784 1342 2836 ,276
1375 2782 1780 2826 Buettner-Wobst
1816 2802 1854 2836 p.
1890 2784 1990 2838 281)

481 2850 698 2912 Αἰμίλιος
741 2851 950 2911 Μάρκος
981 2850 1219 2912 Ῥωμαίων
1255 2850 1432 2903 ὕπατος
1469 2850 1546 2895 καὶ
1585 2851 1770 2910 ἄριστος
1807 2852 2080 2913 στρατηγός,
2117 2852 2248 2914 Περ-

410 2922 492 2968 σέα
537 2921 699 2984 λαβὼν
742 2922 1051 2984 αἰχμάλωτον,
1099 2925 1265 2966 τοῦτον
1307 2921 1393 2982 μὲν
1431 2921 1596 2966 ἄδικον
1633 2921 1755 2981 πρὸς
1787 2921 2042 2983 Ϊωμαίους
2077 2923 2302 2984 ἐξαγα-3Ο

412 2994 553 3054 γόντα
590 2993 720 3053 παρὰ
758 2993 839 3046 τὰς
875 2992 1123 3054 συνθήκας
1153 2991 1361 3053 πόλεμον
1396 2993 1460 3044 εἰς
1490 2991 1746 3052 ἐλευθέραν
1774 2992 1979 3038 ἀπέθετο
2010 2993 2241 3056 φυλακήν,
