<?xml version="1.0" encoding="UTF-8"?>
<!DOCTYPE html PUBLIC "-//W3C//DTD XHTML 1.0 Transitional//EN"
    "http://www.w3.org/TR/xhtml1/DTD/xhtml1-transitional.dtd">
<html xmlns="http://www.w3.org/1999/xhtml" xml:lang="en" lang="en">
 <head>
  <title>
</title>
<meta http-equiv="Content-Type" content="text/html;charset=utf-8" />
  <meta name='ocr-system' content='tesseract 3.04.00' />
  <meta name='ocr-capabilities' content='ocr_page ocr_carea ocr_par ocr_line ocrx_word'/>
</head>
<body>
  <div class='ocr_page' id='page_1' title='image "./historiarumliber00polyuoft_0055.png"; bbox 0 0 2430 3632; ppageno 0'>
   <div class='ocr_carea' id='block_1_1' title="bbox 0 1946 34 2467">
    <p class='ocr_par' dir='ltr' id='par_1_1' title="bbox 0 1946 34 2467">
     <span class='ocr_line' id='line_1_1' title="bbox 0 1946 34 2467; baseline 0 1165"><span class='ocrx_word' id='word_1_1' title='bbox 0 1946 34 2467; x_wconf 95' lang='lat' dir='ltr'> </span> 
     </span>
    </p>
   </div>
   <div class='ocr_carea' id='block_1_2' title="bbox 702 278 2106 317">
    <p class='ocr_par' dir='ltr' id='par_1_2' title="bbox 702 278 2106 317">
     <span class='ocr_line' id='line_1_2' title="bbox 702 278 2106 317; baseline -0.001 -1"><span class='ocrx_word' id='word_1_2' title='bbox 702 287 741 317; x_wconf 89' lang='grc' dir='ltr'>Α.</span> <span class='ocrx_word' id='word_1_3' title='bbox 789 285 1036 317; x_wconf 73' lang='lat' dir='ltr'>‘rmum’iius</span> <span class='ocrx_word' id='word_1_4' title='bbox 1061 285 1214 316; x_wconf 70' lang='lat' dir='ltr'>Ducum</span> <span class='ocrx_word' id='word_1_5' title='bbox 1240 284 1526 316; x_wconf 72' lang='lat' dir='ltr'>ROMANORUM.</span> <span class='ocrx_word' id='word_1_6' title='bbox 2058 278 2106 315; x_wconf 76' lang='grc'>43</span> 
     </span>
    </p>
   </div>
   <div class='ocr_carea' id='block_1_3' title="bbox 267 382 2024 428">
    <p class='ocr_par' dir='ltr' id='par_1_3' title="bbox 267 382 2024 428">
     <span class='ocr_line' id='line_1_3' title="bbox 267 382 2024 428; baseline -0.003 0"><span class='ocrx_word' id='word_1_7' title='bbox 267 385 372 428; x_wconf 51' lang='lat' dir='ltr'>Pium</span> <span class='ocrx_word' id='word_1_8' title='bbox 399 384 517 426; x_wconf 75' lang='lat' dir='ltr'>Aen.</span> <span class='ocrx_word' id='word_1_9' title='bbox 547 384 662 425; x_wconf 82' lang='lat' dir='ltr'>Paul.</span> <span class='ocrx_word' id='word_1_10' title='bbox 690 398 726 426; x_wconf 85' lang='lat' dir='ltr'>c.</span> <span class='ocrx_word' id='word_1_11' title='bbox 754 384 925 426; x_wconf 84' lang='lat'>30—31.</span> <span class='ocrx_word' id='word_1_12' title='bbox 1229 383 1316 424; x_wconf 88' lang='lat' dir='ltr'>Liv.</span> <span class='ocrx_word' id='word_1_13' title='bbox 1345 382 1479 427; x_wconf 88' lang='lat' dir='ltr'><strong>XLV.</strong></span> <span class='ocrx_word' id='word_1_14' title='bbox 1508 384 1678 428; x_wconf 82' lang='lat'>35—37.</span> <span class='ocrx_word' id='word_1_15' title='bbox 1708 384 1758 428; x_wconf 83' lang='lat'>2:</span> <span class='ocrx_word' id='word_1_16' title='bbox 1787 384 1851 427; x_wconf 91' lang='lat'>39.</span> <span class='ocrx_word' id='word_1_17' title='bbox 1881 383 2024 424; x_wconf 86' lang='lat'>3—20.</span> 
     </span>
    </p>
   </div>
   <div class='ocr_carea' id='block_1_4' title="bbox 114 461 2163 2225">
    <p class='ocr_par' dir='ltr' id='par_1_4' title="bbox 114 461 2142 866">
     <span class='ocr_line' id='line_1_4' title="bbox 301 461 2103 510; baseline 0.001 -4"><span class='ocrx_word' id='word_1_18' title='bbox 301 496 361 501; x_wconf 43' lang='lat'>2-</span> <span class='ocrx_word' id='word_1_19' title='bbox 383 488 398 493; x_wconf 67' lang='grc'>-</span> <span class='ocrx_word' id='word_1_20' title='bbox 428 482 431 484; x_wconf 95' lang='grc'><em>·</em></span> <span class='ocrx_word' id='word_1_21' title='bbox 1149 469 1291 507; x_wconf 86' lang='lat' dir='ltr'>cessio</span> <span class='ocrx_word' id='word_1_22' title='bbox 1332 461 1482 507; x_wconf 88' lang='lat' dir='ltr'>Punici</span> <span class='ocrx_word' id='word_1_23' title='bbox 1524 462 1639 510; x_wconf 89' lang='lat' dir='ltr'>belli.</span> <span class='ocrx_word' id='word_1_24' title='bbox 1670 477 1908 507; x_wconf 87' lang='lat' dir='ltr'>concursus</span> <span class='ocrx_word' id='word_1_25' title='bbox 1938 461 2103 508; x_wconf 77' lang='lat' dir='ltr'>fecerit.</span> 
     </span>
     <span class='ocr_line' id='line_1_5' title="bbox 119 529 2103 596; baseline -0.001 -17"><span class='ocrx_word' id='word_1_26' title='bbox 119 531 252 596; x_wconf 68' lang='grc' dir='ltr'>αὐτῷ</span> <span class='ocrx_word' id='word_1_27' title='bbox 285 531 465 596; x_wconf 72' lang='grc' dir='ltr'><em>φθονεῖ</em></span> <span class='ocrx_word' id='word_1_28' title='bbox 492 531 575 578; x_wconf 85' lang='grc' dir='ltr'>τὸν</span> <span class='ocrx_word' id='word_1_29' title='bbox 611 530 915 577; x_wconf 79' lang='grc' dir='ltr'><em>Μακεδόνων</em></span> <span class='ocrx_word' id='word_1_30' title='bbox 942 529 1078 592; x_wconf 82' lang='grc' dir='ltr'><em>βασι·</em></span> <span class='ocrx_word' id='word_1_31' title='bbox 1151 534 1347 589; x_wconf 83' lang='lat' dir='ltr'>plerique</span> <span class='ocrx_word' id='word_1_32' title='bbox 1398 532 1699 589; x_wconf 85' lang='lat' dir='ltr'>meminimus.]</span> <span class='ocrx_word' id='word_1_33' title='bbox 1764 532 1949 578; x_wconf 88' lang='lat' dir='ltr'>Perseus</span> <span class='ocrx_word' id='word_1_34' title='bbox 2029 548 2103 578; x_wconf 86' lang='lat' dir='ltr'>rex</span> 
     </span>
     <span class='ocr_line' id='line_1_6' title="bbox 120 601 2102 665; baseline -0.003 -12"><span class='ocrx_word' id='word_1_35' title='bbox 120 602 205 653; x_wconf 71' lang='lat'>2611</span> <span class='ocrx_word' id='word_1_36' title='bbox 239 604 393 660; x_wconf 84' lang='grc' dir='ltr'><em>ζῶντα</em></span> <span class='ocrx_word' id='word_1_37' title='bbox 430 602 510 650; x_wconf 86' lang='grc' dir='ltr'>καὶ</span> <span class='ocrx_word' id='word_1_38' title='bbox 540 602 627 665; x_wconf 79' lang='grc' dir='ltr'>τὴν</span> <span class='ocrx_word' id='word_1_39' title='bbox 650 601 968 663; x_wconf 78' lang='grc' dir='ltr'><em>Ἀλεξάνδρου</em></span> <span class='ocrx_word' id='word_1_40' title='bbox 998 601 1077 647; x_wconf 90' lang='grc' dir='ltr'>καὶ</span> <span class='ocrx_word' id='word_1_41' title='bbox 1149 615 1318 659; x_wconf 88' lang='lat' dir='ltr'>captus.</span> <span class='ocrx_word' id='word_1_42' title='bbox 1365 603 1592 660; x_wconf 84' lang='lat' dir='ltr'>Philippus</span> <span class='ocrx_word' id='word_1_43' title='bbox 1636 614 1679 648; x_wconf 91' lang='lat' dir='ltr'>et</span> <span class='ocrx_word' id='word_1_44' title='bbox 1720 603 1986 652; x_wconf 79' lang='lat' dir='ltr'>Alexander.</span> <span class='ocrx_word' id='word_1_45' title='bbox 2026 603 2102 648; x_wconf 74' lang='lat' dir='ltr'>filii</span> 
     </span>
     <span class='ocr_line' id='line_1_7' title="bbox 125 671 2104 730; baseline -0.003 -7"><span class='ocrx_word' id='word_1_46' title='bbox 125 673 361 724; x_wconf 73' lang='grc' dir='ltr'><em>Φιλίππου</em></span> <span class='ocrx_word' id='word_1_47' title='bbox 414 673 562 729; x_wconf 82' lang='grc' dir='ltr'><em>δόξαν</em></span> <span class='ocrx_word' id='word_1_48' title='bbox 614 673 787 720; x_wconf 81' lang='grc' dir='ltr'><em>ἐπιδεῖν</em></span> <span class='ocrx_word' id='word_1_49' title='bbox 841 671 935 719; x_wconf 84' lang='grc' dir='ltr'>ὑπὸ</span> <span class='ocrx_word' id='word_1_50' title='bbox 983 678 1080 726; x_wconf 82' lang='grc' dir='ltr'><em>τοῖς</em></span> <span class='ocrx_word' id='word_1_51' title='bbox 1152 682 1278 730; x_wconf 70' lang='lat' dir='ltr'>regis.</span> <span class='ocrx_word' id='word_1_52' title='bbox 1351 685 1473 719; x_wconf 86' lang='lat' dir='ltr'>tanta</span> <span class='ocrx_word' id='word_1_53' title='bbox 1540 681 1731 723; x_wconf 91' lang='lat' dir='ltr'>nomina.</span> <span class='ocrx_word' id='word_1_54' title='bbox 1792 675 2104 720; x_wconf 84' lang='lat' dir='ltr'>subtrahentur</span> 
     </span>
     <span class='ocr_line' id='line_1_8' title="bbox 114 743 2142 809; baseline -0.001 -16"><span class='ocrx_word' id='word_1_55' title='bbox 114 744 356 809; x_wconf 75' lang='grc' dir='ltr'><em>Ἠυμαίων</em></span> <span class='ocrx_word' id='word_1_56' title='bbox 406 744 567 799; x_wconf 77' lang='grc' dir='ltr'><strong><em>ὅπλοις</em></strong></span> <span class='ocrx_word' id='word_1_57' title='bbox 617 743 861 807; x_wconf 81' lang='grc' dir='ltr'><em>ἀγομένην</em></span> <span class='ocrx_word' id='word_1_58' title='bbox 907 743 1078 807; x_wconf 85' lang='grc' dir='ltr'><em>αἰχμά-</em></span> <span class='ocrx_word' id='word_1_59' title='bbox 1105 758 1123 787; x_wconf 82' lang='lat'>5</span> <span class='ocrx_word' id='word_1_60' title='bbox 1150 752 1339 790; x_wconf 89' lang='lat' dir='ltr'>civitatis</span> <span class='ocrx_word' id='word_1_61' title='bbox 1384 745 1555 790; x_wconf 77' lang='lat' dir='ltr'>oculis?</span> <span class='ocrx_word' id='word_1_62' title='bbox 1603 744 1760 801; x_wconf 87' lang='lat' dir='ltr'>[ipsum</span> <span class='ocrx_word' id='word_1_63' title='bbox 1808 745 1856 791; x_wconf 89' lang='lat' dir='ltr'>L.</span> <span class='ocrx_word' id='word_1_64' title='bbox 1905 745 2101 793; x_wconf 82' lang='lat' dir='ltr'>Paulum.</span> <span class='ocrx_word' id='word_1_65' title='bbox 2123 757 2142 786; x_wconf 86' lang='lat'><em>8</em></span> 
     </span>
     <span class='ocr_line' id='line_1_9' title="bbox 120 815 2104 866; baseline -0.001 -1"><span class='ocrx_word' id='word_1_66' title='bbox 120 815 283 865; x_wconf 71' lang='grc' dir='ltr'><em>λωτόν.</em></span> <span class='ocrx_word' id='word_1_67' title='bbox 1152 817 1219 861; x_wconf 85' lang='lat' dir='ltr'>bis</span> <span class='ocrx_word' id='word_1_68' title='bbox 1272 817 1508 866; x_wconf 84' lang='lat' dir='ltr'>consulem,</span> <span class='ocrx_word' id='word_1_69' title='bbox 1560 817 1822 862; x_wconf 86' lang='lat' dir='ltr'>domitorem</span> <span class='ocrx_word' id='word_1_70' title='bbox 1873 816 2104 866; x_wconf 86' lang='lat' dir='ltr'>Graeciae.</span> 
     </span>
    </p>

    <p class='ocr_par' dir='ltr' id='par_1_5' title="bbox 277 888 2103 944">
     <span class='ocr_line' id='line_1_10' title="bbox 277 888 2103 944; baseline 0.003 -16"><span class='ocrx_word' id='word_1_71' title='bbox 277 919 282 924; x_wconf 91' lang='lat'>.</span> <span class='ocrx_word' id='word_1_72' title='bbox 1151 894 1344 932; x_wconf 91' lang='lat' dir='ltr'>omnium</span> <span class='ocrx_word' id='word_1_73' title='bbox 1385 888 1500 933; x_wconf 91' lang='lat' dir='ltr'>oculi</span> <span class='ocrx_word' id='word_1_74' title='bbox 1536 895 1792 944; x_wconf 84' lang='lat' dir='ltr'>conspicere</span> <span class='ocrx_word' id='word_1_75' title='bbox 1822 889 1975 934; x_wconf 89' lang='lat' dir='ltr'>urbem</span> <span class='ocrx_word' id='word_1_76' title='bbox 2005 905 2103 934; x_wconf 87' lang='lat' dir='ltr'>cur-</span> 
     </span>
    </p>

    <p class='ocr_par' dir='ltr' id='par_1_6' title="bbox 121 960 2163 2225">
     <span class='ocr_line' id='line_1_11' title="bbox 1152 960 2104 1016; baseline 0.003 -13"><span class='ocrx_word' id='word_1_77' title='bbox 1152 976 1201 1004; x_wconf 88' lang='lat' dir='ltr'>ru</span> <span class='ocrx_word' id='word_1_78' title='bbox 1243 960 1558 1016; x_wconf 72' lang='lat' dir='ltr'>ingredientem</span> <span class='ocrx_word' id='word_1_79' title='bbox 1598 970 1756 1007; x_wconf 80' lang='lat' dir='ltr'>avent:</span> <span class='ocrx_word' id='word_1_80' title='bbox 1793 960 1852 1005; x_wconf 89' lang='lat' dir='ltr'>ad</span> <span class='ocrx_word' id='word_1_81' title='bbox 1884 962 1969 1006; x_wconf 90' lang='lat' dir='ltr'>hoc</span> <span class='ocrx_word' id='word_1_82' title='bbox 1999 961 2104 1006; x_wconf 83' lang='lat' dir='ltr'>feci-</span> 
     </span>
     <span class='ocr_line' id='line_1_12' title="bbox 1152 1031 2103 1088; baseline 0.002 -13"><span class='ocrx_word' id='word_1_83' title='bbox 1152 1047 1246 1075; x_wconf 91' lang='lat' dir='ltr'>mus</span> <span class='ocrx_word' id='word_1_84' title='bbox 1290 1031 1527 1077; x_wconf 78' lang='lat' dir='ltr'>consulem.</span> <span class='ocrx_word' id='word_1_85' title='bbox 1575 1042 1622 1075; x_wconf 90' lang='lat' dir='ltr'>ut</span> <span class='ocrx_word' id='word_1_86' title='bbox 1669 1031 1828 1076; x_wconf 91' lang='lat' dir='ltr'>bellum</span> <span class='ocrx_word' id='word_1_87' title='bbox 1876 1048 1954 1087; x_wconf 86' lang='lat' dir='ltr'>per</span> <span class='ocrx_word' id='word_1_88' title='bbox 1994 1048 2103 1088; x_wconf 87' lang='lat' dir='ltr'>qua-</span> 
     </span>
     <span class='ocr_line' id='line_1_13' title="bbox 1102 1102 2106 1158; baseline 0.004 -14"><span class='ocrx_word' id='word_1_89' title='bbox 1102 1112 1135 1142; x_wconf 85' lang='lat'>10</span> <span class='ocrx_word' id='word_1_90' title='bbox 1151 1102 1394 1146; x_wconf 87' lang='lat' dir='ltr'>driennium</span> <span class='ocrx_word' id='word_1_91' title='bbox 1421 1108 1586 1158; x_wconf 69' lang='lat' dir='ltr'>ingenti</span> <span class='ocrx_word' id='word_1_92' title='bbox 1608 1108 1738 1146; x_wconf 84' lang='lat' dir='ltr'>etiam</span> <span class='ocrx_word' id='word_1_93' title='bbox 1761 1103 1932 1157; x_wconf 88' lang='lat' dir='ltr'>pudore</span> <span class='ocrx_word' id='word_1_94' title='bbox 1952 1114 2106 1148; x_wconf 90' lang='lat' dir='ltr'>nostro</span> 
     </span>
     <span class='ocr_line' id='line_1_14' title="bbox 1152 1173 2144 1230; baseline 0.002 -13"><span class='ocrx_word' id='word_1_95' title='bbox 1152 1183 1337 1217; x_wconf 90' lang='lat' dir='ltr'>tractum</span> <span class='ocrx_word' id='word_1_96' title='bbox 1388 1173 1632 1228; x_wconf 82' lang='lat' dir='ltr'>perficeret.</span> <span class='ocrx_word' id='word_1_97' title='bbox 1683 1180 1752 1218; x_wconf 90' lang='lat' dir='ltr'>cui</span> <span class='ocrx_word' id='word_1_98' title='bbox 1798 1180 1956 1219; x_wconf 89' lang='lat' dir='ltr'>sortito</span> <span class='ocrx_word' id='word_1_99' title='bbox 2001 1190 2104 1230; x_wconf 89' lang='lat' dir='ltr'>pro-</span> <span class='ocrx_word' id='word_1_100' title='bbox 2124 1185 2144 1214; x_wconf 87' lang='lat'><strong>9</strong></span> 
     </span>
     <span class='ocr_line' id='line_1_15' title="bbox 126 1240 2105 1307; baseline 0 -17"><span class='ocrx_word' id='word_1_101' title='bbox 126 1246 263 1302; x_wconf 51' lang='grc' dir='ltr'>,πῶς</span> <span class='ocrx_word' id='word_1_102' title='bbox 315 1242 410 1307; x_wconf 82' lang='grc' dir='ltr'>γὰρ</span> <span class='ocrx_word' id='word_1_103' title='bbox 465 1242 524 1290; x_wconf 86' lang='grc' dir='ltr'>οὐ</span> <span class='ocrx_word' id='word_1_104' title='bbox 573 1240 758 1289; x_wconf 86' lang='grc' dir='ltr'><em>δεινόν”</em></span> <span class='ocrx_word' id='word_1_105' title='bbox 814 1241 942 1288; x_wconf 81' lang='grc' dir='ltr'><em>εἶπεν</em></span> <span class='ocrx_word' id='word_1_106' title='bbox 989 1242 1075 1297; x_wconf 80' lang='grc' dir='ltr'><em>,,εἱ,</em></span> <span class='ocrx_word' id='word_1_107' title='bbox 1153 1251 1355 1291; x_wconf 85' lang='lat' dir='ltr'>vinciam.</span> <span class='ocrx_word' id='word_1_108' title='bbox 1392 1251 1461 1289; x_wconf 90' lang='lat' dir='ltr'>cui</span> <span class='ocrx_word' id='word_1_109' title='bbox 1499 1244 1794 1299; x_wconf 86' lang='lat' dir='ltr'>proficiscenti</span> <span class='ocrx_word' id='word_1_110' title='bbox 1825 1252 2105 1302; x_wconf 69' lang='lat' dir='ltr'>praesagien-</span> 
     </span>
     <span class='ocr_line' id='line_1_16' title="bbox 121 1312 2107 1380; baseline 0 -18"><span class='ocrx_word' id='word_1_111' title='bbox 121 1314 292 1380; x_wconf 81' lang='grc' dir='ltr'><strong><em>φήμης</em></strong></span> <span class='ocrx_word' id='word_1_112' title='bbox 327 1314 435 1376; x_wconf 79' lang='grc' dir='ltr'><em>περὶ</em></span> <span class='ocrx_word' id='word_1_113' title='bbox 471 1314 607 1377; x_wconf 84' lang='grc' dir='ltr'><em>νίκης</em></span> <span class='ocrx_word' id='word_1_114' title='bbox 642 1313 878 1376; x_wconf 84' lang='grc' dir='ltr'><em>ἀβεβαίου</em></span> <span class='ocrx_word' id='word_1_115' title='bbox 912 1312 1080 1374; x_wconf 84' lang='grc' dir='ltr'><em>πρότε-</em></span> <span class='ocrx_word' id='word_1_116' title='bbox 1153 1316 1268 1359; x_wconf 88' lang='lat' dir='ltr'>tibus</span> <span class='ocrx_word' id='word_1_117' title='bbox 1302 1321 1458 1359; x_wconf 87' lang='lat' dir='ltr'>animis</span> <span class='ocrx_word' id='word_1_118' title='bbox 1492 1322 1722 1360; x_wconf 88' lang='lat' dir='ltr'>victoriam</span> <span class='ocrx_word' id='word_1_119' title='bbox 1753 1316 2107 1373; x_wconf 88' lang='lat' dir='ltr'>triumphumque</span> 
     </span>
     <span class='ocr_line' id='line_1_17' title="bbox 122 1382 2105 1450; baseline 0 -18"><span class='ocrx_word' id='word_1_120' title='bbox 122 1402 214 1450; x_wconf 76' lang='grc' dir='ltr'>ρον</span> <span class='ocrx_word' id='word_1_121' title='bbox 246 1386 314 1442; x_wconf 78' lang='grc' dir='ltr'>εἰς</span> <span class='ocrx_word' id='word_1_122' title='bbox 347 1385 434 1448; x_wconf 86' lang='grc' dir='ltr'>τὴν</span> <span class='ocrx_word' id='word_1_123' title='bbox 451 1384 605 1432; x_wconf 69' lang='grc' dir='ltr'><em>’πόλιν</em></span> <span class='ocrx_word' id='word_1_124' title='bbox 639 1383 938 1447; x_wconf 85' lang='grc' dir='ltr'><em>ἐμπεσούσης</em></span> <span class='ocrx_word' id='word_1_125' title='bbox 966 1382 1080 1431; x_wconf 70' lang='grc' dir='ltr'><em>ἐθύ-</em></span> <span class='ocrx_word' id='word_1_126' title='bbox 1152 1387 1479 1433; x_wconf 57' lang='lat' dir='ltr'>destinavimus.</span> <span class='ocrx_word' id='word_1_127' title='bbox 1537 1393 1575 1431; x_wconf 91' lang='lat' dir='ltr'>ei</span> <span class='ocrx_word' id='word_1_128' title='bbox 1632 1393 1790 1431; x_wconf 91' lang='lat' dir='ltr'>victori</span> <span class='ocrx_word' id='word_1_129' title='bbox 1841 1388 2105 1443; x_wconf 89' lang='lat' dir='ltr'>triumphum</span> 
     </span>
     <span class='ocr_line' id='line_1_18' title="bbox 122 1455 2107 1519; baseline -0.002 -13"><span class='ocrx_word' id='word_1_130' title='bbox 122 1473 235 1506; x_wconf 76' lang='grc' dir='ltr'>σατε</span> <span class='ocrx_word' id='word_1_131' title='bbox 262 1462 360 1512; x_wconf 80' lang='grc' dir='ltr'><em>τοῖς</em></span> <span class='ocrx_word' id='word_1_132' title='bbox 387 1456 520 1511; x_wconf 70' lang='grc' dir='ltr'><em>θεοῖς</em></span> <span class='ocrx_word' id='word_1_133' title='bbox 548 1456 797 1519; x_wconf 82' lang='grc' dir='ltr'><em>εὐχόμενοι</em></span> <span class='ocrx_word' id='word_1_134' title='bbox 822 1459 906 1502; x_wconf 84' lang='grc' dir='ltr'>τοῦ</span> <span class='ocrx_word' id='word_1_135' title='bbox 930 1455 1081 1517; x_wconf 80' lang='grc' dir='ltr'><em>λόγου</em></span> <span class='ocrx_word' id='word_1_136' title='bbox 1102 1469 1135 1498; x_wconf 83' lang='grc'>15</span> <span class='ocrx_word' id='word_1_137' title='bbox 1152 1464 1352 1513; x_wconf 67' lang='lat' dir='ltr'>negaturi</span> <span class='ocrx_word' id='word_1_138' title='bbox 1383 1457 1587 1502; x_wconf 78' lang='lat' dir='ltr'>&lt;sumus&gt;?</span> <span class='ocrx_word' id='word_1_139' title='bbox 1617 1467 1660 1502; x_wconf 90' lang='lat' dir='ltr'>et</span> <span class='ocrx_word' id='word_1_140' title='bbox 1691 1458 1865 1513; x_wconf 89' lang='lat' dir='ltr'>quidem</span> <span class='ocrx_word' id='word_1_141' title='bbox 1898 1474 1988 1503; x_wconf 90' lang='lat' dir='ltr'>non</span> <span class='ocrx_word' id='word_1_142' title='bbox 2010 1469 2107 1503; x_wconf 86' lang='lat' dir='ltr'>tan-</span> 
     </span>
     <span class='ocr_line' id='line_1_19' title="bbox 122 1526 2107 1596; baseline -0.001 -19"><span class='ocrx_word' id='word_1_143' title='bbox 122 1526 294 1577; x_wconf 77' lang='grc' dir='ltr'><em>τούτου</em></span> <span class='ocrx_word' id='word_1_144' title='bbox 328 1527 508 1592; x_wconf 81' lang='grc' dir='ltr'><em>ταχέως</em></span> <span class='ocrx_word' id='word_1_145' title='bbox 543 1527 804 1589; x_wconf 78' lang='grc' dir='ltr'><em>ἀπολαβεῖν</em></span> <span class='ocrx_word' id='word_1_146' title='bbox 833 1526 918 1590; x_wconf 79' lang='grc' dir='ltr'>τὴν</span> <span class='ocrx_word' id='word_1_147' title='bbox 948 1527 1076 1590; x_wconf 82' lang='grc' dir='ltr'><em>ὄψιν,</em></span> <span class='ocrx_word' id='word_1_148' title='bbox 1153 1539 1243 1573; x_wconf 90' lang='lat' dir='ltr'>tum</span> <span class='ocrx_word' id='word_1_149' title='bbox 1304 1533 1451 1576; x_wconf 81' lang='lat' dir='ltr'>(eum).</span> <span class='ocrx_word' id='word_1_150' title='bbox 1512 1529 1589 1573; x_wconf 91' lang='lat' dir='ltr'>sed</span> <span class='ocrx_word' id='word_1_151' title='bbox 1655 1530 1764 1573; x_wconf 90' lang='lat' dir='ltr'>deos</span> <span class='ocrx_word' id='word_1_152' title='bbox 1816 1536 1959 1596; x_wconf 83' lang='lat' dir='ltr'>¹etiam</span> <span class='ocrx_word' id='word_1_153' title='bbox 2025 1546 2107 1575; x_wconf 91' lang='lat' dir='ltr'>suo</span> 
     </span>
     <span class='ocr_line' id='line_1_20' title="bbox 125 1597 2163 1663; baseline -0.001 -16"><span class='ocrx_word' id='word_1_154' title='bbox 125 1600 328 1663; x_wconf 74' lang='grc' dir='ltr'><em>ἥκοντος</em></span> <span class='ocrx_word' id='word_1_155' title='bbox 356 1599 410 1647; x_wconf 85' lang='grc' dir='ltr'>δὲ</span> <span class='ocrx_word' id='word_1_156' title='bbox 439 1603 524 1646; x_wconf 85' lang='grc' dir='ltr'>τοῦ</span> <span class='ocrx_word' id='word_1_157' title='bbox 554 1603 823 1662; x_wconf 81' lang='grc' dir='ltr'><em>στρατηγοῦ</em></span> <span class='ocrx_word' id='word_1_158' title='bbox 852 1597 967 1661; x_wconf 82' lang='grc' dir='ltr'><em>μετὰ</em></span> <span class='ocrx_word' id='word_1_159' title='bbox 999 1603 1083 1660; x_wconf 86' lang='grc' dir='ltr'>τῆς</span> <span class='ocrx_word' id='word_1_160' title='bbox 1154 1600 1325 1644; x_wconf 88' lang='lat' dir='ltr'>honore</span> <span class='ocrx_word' id='word_1_161' title='bbox 1365 1599 1636 1644; x_wconf 80' lang='lat' dir='ltr'>fraudaturi?</span> <span class='ocrx_word' id='word_1_162' title='bbox 1670 1600 1736 1644; x_wconf 82' lang='lat' dir='ltr'>dis</span> <span class='ocrx_word' id='word_1_163' title='bbox 1767 1616 1946 1655; x_wconf 87' lang='lat' dir='ltr'>quoque</span> <span class='ocrx_word' id='word_1_164' title='bbox 1976 1608 2105 1649; x_wconf 88' lang='lat' dir='ltr'>enim,</span> <span class='ocrx_word' id='word_1_165' title='bbox 2130 1612 2163 1640; x_wconf 81' lang='lat'>¹0</span> 
     </span>
     <span class='ocr_line' id='line_1_21' title="bbox 124 1669 2108 1735; baseline -0.002 -16"><span class='ocrx_word' id='word_1_166' title='bbox 124 1669 360 1735; x_wconf 71' lang='grc' dir='ltr'>ἀληθινῆς</span> <span class='ocrx_word' id='word_1_167' title='bbox 392 1671 529 1734; x_wconf 82' lang='grc' dir='ltr'><em>νίκης</em></span> <span class='ocrx_word' id='word_1_168' title='bbox 564 1669 844 1732; x_wconf 73' lang='grc' dir='ltr'><em>ἀφαιρεῖσθε</em></span> <span class='ocrx_word' id='word_1_169' title='bbox 874 1674 967 1716; x_wconf 82' lang='grc' dir='ltr'>τῶν</span> <span class='ocrx_word' id='word_1_170' title='bbox 995 1669 1083 1731; x_wconf 84' lang='grc' dir='ltr'>μὲν</span> <span class='ocrx_word' id='word_1_171' title='bbox 1154 1686 1244 1715; x_wconf 90' lang='lat' dir='ltr'>non</span> <span class='ocrx_word' id='word_1_172' title='bbox 1275 1671 1414 1714; x_wconf 89' lang='lat' dir='ltr'>solum</span> <span class='ocrx_word' id='word_1_173' title='bbox 1447 1670 1708 1718; x_wconf 85' lang='lat' dir='ltr'>hominibus.</span> <span class='ocrx_word' id='word_1_174' title='bbox 1740 1670 1926 1716; x_wconf 87' lang='lat' dir='ltr'>debetur</span> <span class='ocrx_word' id='word_1_175' title='bbox 1956 1678 2108 1716; x_wconf 88' lang='lat' dir='ltr'>trium-</span> 
     </span>
     <span class='ocr_line' id='line_1_22' title="bbox 123 1739 2105 1805; baseline -0.001 -15"><span class='ocrx_word' id='word_1_176' title='bbox 123 1741 256 1791; x_wconf 71' lang='grc' dir='ltr'>θεῶν</span> <span class='ocrx_word' id='word_1_177' title='bbox 313 1740 400 1805; x_wconf 83' lang='grc' dir='ltr'>τὴν</span> <span class='ocrx_word' id='word_1_178' title='bbox 457 1741 606 1804; x_wconf 84' lang='grc' dir='ltr'><em>τιμήν,</em></span> <span class='ocrx_word' id='word_1_179' title='bbox 671 1741 829 1788; x_wconf 80' lang='grc' dir='ltr'><em>αὐτῶν</em></span> <span class='ocrx_word' id='word_1_180' title='bbox 887 1740 939 1787; x_wconf 89' lang='grc' dir='ltr'>δὲ</span> <span class='ocrx_word' id='word_1_181' title='bbox 998 1739 1084 1803; x_wconf 71' lang='grc' dir='ltr'>τὴν</span> <span class='ocrx_word' id='word_1_182' title='bbox 1155 1740 1297 1798; x_wconf 91' lang='lat' dir='ltr'>phus.]</span> <span class='ocrx_word' id='word_1_183' title='bbox 1349 1740 1553 1797; x_wconf 89' lang='lat' dir='ltr'>[maiores</span> <span class='ocrx_word' id='word_1_184' title='bbox 1593 1749 1728 1786; x_wconf 88' lang='lat' dir='ltr'>vestri</span> <span class='ocrx_word' id='word_1_185' title='bbox 1759 1749 1951 1787; x_wconf 90' lang='lat' dir='ltr'>omnium</span> <span class='ocrx_word' id='word_1_186' title='bbox 1985 1759 2105 1800; x_wconf 73' lang='lat' dir='ltr'>maq-</span> 
     </span>
     <span class='ocr_line' id='line_1_23' title="bbox 125 1812 2108 1878; baseline 0.002 -22"><span class='ocrx_word' id='word_1_187' title='bbox 125 1812 294 1878; x_wconf 73' lang='grc' dir='ltr'><em>χαράν,</em></span> <span class='ocrx_word' id='word_1_188' title='bbox 1100 1825 1137 1854; x_wconf 80' lang='lat'>20</span> <span class='ocrx_word' id='word_1_189' title='bbox 1155 1829 1306 1857; x_wconf 87' lang='lat' dir='ltr'>narum</span> <span class='ocrx_word' id='word_1_190' title='bbox 1339 1828 1481 1857; x_wconf 88' lang='lat' dir='ltr'>rerum</span> <span class='ocrx_word' id='word_1_191' title='bbox 1513 1822 1557 1857; x_wconf 89' lang='lat' dir='ltr'>et</span> <span class='ocrx_word' id='word_1_192' title='bbox 1588 1819 1801 1868; x_wconf 87' lang='lat' dir='ltr'>principia</span> <span class='ocrx_word' id='word_1_193' title='bbox 1831 1821 1973 1858; x_wconf 87' lang='lat' dir='ltr'>exorsi</span> <span class='ocrx_word' id='word_1_194' title='bbox 1993 1830 2021 1859; x_wconf 90' lang='lat' dir='ltr'>a</span> <span class='ocrx_word' id='word_1_195' title='bbox 2042 1815 2108 1859; x_wconf 85' lang='lat' dir='ltr'>dis</span> 
     </span>
     <span class='ocr_line' id='line_1_24' title="bbox 1154 1884 2158 1941; baseline 0.002 -13"><span class='ocrx_word' id='word_1_196' title='bbox 1154 1895 1254 1928; x_wconf 91' lang='lat' dir='ltr'>sunt</span> <span class='ocrx_word' id='word_1_197' title='bbox 1285 1894 1329 1928; x_wconf 90' lang='lat' dir='ltr'>et</span> <span class='ocrx_word' id='word_1_198' title='bbox 1360 1884 1491 1928; x_wconf 82' lang='lat' dir='ltr'>finem</span> <span class='ocrx_word' id='word_1_199' title='bbox 1524 1894 1781 1928; x_wconf 85' lang='lat' dir='ltr'>statuerunt.</span> <span class='ocrx_word' id='word_1_200' title='bbox 1818 1886 1970 1930; x_wconf 89' lang='lat' dir='ltr'>consul</span> <span class='ocrx_word' id='word_1_201' title='bbox 2003 1902 2106 1941; x_wconf 87' lang='lat' dir='ltr'>pro-</span> <span class='ocrx_word' id='word_1_202' title='bbox 2131 1898 2158 1925; x_wconf 84' lang='lat'>¹¹</span> 
     </span>
     <span class='ocr_line' id='line_1_25' title="bbox 1155 1955 2109 2010; baseline 0.003 -11"><span class='ocrx_word' id='word_1_203' title='bbox 1155 1955 1354 2000; x_wconf 80' lang='lat' dir='ltr'>ficiscens</span> <span class='ocrx_word' id='word_1_204' title='bbox 1384 1965 1621 2010; x_wconf 84' lang='lat' dir='ltr'>praetorve</span> <span class='ocrx_word' id='word_1_205' title='bbox 1647 1955 1864 2010; x_wconf 88' lang='lat' dir='ltr'>paludatis</span> <span class='ocrx_word' id='word_1_206' title='bbox 1884 1957 2109 2002; x_wconf 78' lang='lat' dir='ltr'>lictoribus</span> 
     </span>
     <span class='ocr_line' id='line_1_26' title="bbox 1156 2026 2107 2081; baseline 0.003 -12"><span class='ocrx_word' id='word_1_207' title='bbox 1156 2034 1199 2070; x_wconf 91' lang='lat' dir='ltr'>in</span> <span class='ocrx_word' id='word_1_208' title='bbox 1246 2033 1517 2081; x_wconf 87' lang='lat' dir='ltr'>provinciam</span> <span class='ocrx_word' id='word_1_209' title='bbox 1564 2036 1608 2070; x_wconf 92' lang='lat' dir='ltr'>et</span> <span class='ocrx_word' id='word_1_210' title='bbox 1643 2026 1701 2070; x_wconf 86' lang='lat' dir='ltr'>ad</span> <span class='ocrx_word' id='word_1_211' title='bbox 1734 2027 1892 2071; x_wconf 90' lang='lat' dir='ltr'>bellum</span> <span class='ocrx_word' id='word_1_212' title='bbox 1924 2038 2032 2072; x_wconf 92' lang='lat' dir='ltr'>vota</span> <span class='ocrx_word' id='word_1_213' title='bbox 2064 2035 2107 2072; x_wconf 91' lang='lat' dir='ltr'>in</span> 
     </span>
     <span class='ocr_line' id='line_1_27' title="bbox 1157 2096 2108 2154; baseline 0.002 -13"><span class='ocrx_word' id='word_1_214' title='bbox 1157 2096 1382 2153; x_wconf 84' lang='lat' dir='ltr'>Capitolio</span> <span class='ocrx_word' id='word_1_215' title='bbox 1443 2107 1692 2152; x_wconf 86' lang='lat' dir='ltr'>nuncupat:</span> <span class='ocrx_word' id='word_1_216' title='bbox 1755 2104 1898 2142; x_wconf 91' lang='lat' dir='ltr'>victor</span> <span class='ocrx_word' id='word_1_217' title='bbox 1950 2114 2108 2154; x_wconf 87' lang='lat' dir='ltr'>perpe-</span> 
     </span>
     <span class='ocr_line' id='line_1_28' title="bbox 1102 2167 2107 2225; baseline 0.004 -15"><span class='ocrx_word' id='word_1_218' title='bbox 1102 2180 1139 2210; x_wconf 77' lang='lat'>25</span> <span class='ocrx_word' id='word_1_219' title='bbox 1156 2179 1274 2213; x_wconf 87' lang='lat' dir='ltr'>trato</span> <span class='ocrx_word' id='word_1_220' title='bbox 1327 2168 1478 2213; x_wconf 74' lang='lat' dir='ltr'>(bello)</span> <span class='ocrx_word' id='word_1_221' title='bbox 1533 2168 1688 2212; x_wconf 90' lang='lat' dir='ltr'>eodem</span> <span class='ocrx_word' id='word_1_222' title='bbox 1745 2175 1789 2212; x_wconf 89' lang='lat' dir='ltr'>in</span> <span class='ocrx_word' id='word_1_223' title='bbox 1840 2167 2107 2225; x_wconf 86' lang='lat' dir='ltr'>Capitolium</span> 
     </span>
    </p>
   </div>
   <div class='ocr_carea' id='block_1_5' title="bbox 128 2309 266 2315">
    <p class='ocr_par' dir='ltr' id='par_1_7' title="bbox 128 2309 266 2315">
     <span class='ocr_line' id='line_1_29' title="bbox 128 2309 266 2315; baseline 0 0"><span class='ocrx_word' id='word_1_224' title='bbox 128 2309 266 2315; x_wconf 95' lang='lat' dir='ltr'> </span> 
     </span>
    </p>
   </div>
   <div class='ocr_carea' id='block_1_6' title="bbox 184 2349 2113 2829">
    <p class='ocr_par' dir='ltr' id='par_1_8' title="bbox 184 2349 2113 2829">
     <span class='ocr_line' id='line_1_30' title="bbox 197 2349 2108 2402; baseline -0.003 -5"><span class='ocrx_word' id='word_1_225' title='bbox 197 2366 217 2397; x_wconf 81' lang='lat'><em>2</em></span> <span class='ocrx_word' id='word_1_226' title='bbox 269 2352 339 2395; x_wconf 76' lang='grc' dir='ltr'>τὸν</span> <span class='ocrx_word' id='word_1_227' title='bbox 371 2353 520 2396; x_wconf 75' lang='lat' dir='ltr'>Reislte</span> <span class='ocrx_word' id='word_1_228' title='bbox 552 2363 593 2395; x_wconf 86' lang='lat' dir='ltr'>et</span> <span class='ocrx_word' id='word_1_229' title='bbox 624 2354 789 2395; x_wconf 82' lang='lat' dir='ltr'>codices</span> <span class='ocrx_word' id='word_1_230' title='bbox 816 2362 907 2397; x_wconf 78' lang='lat' dir='ltr'>tres.</span> <span class='ocrx_word' id='word_1_231' title='bbox 936 2358 1014 2392; x_wconf 73' lang='grc' dir='ltr'>τῶν</span> <span class='ocrx_word' id='word_1_232' title='bbox 1042 2367 1081 2392; x_wconf 86' lang='grc' dir='ltr'>ν.</span> <span class='ocrx_word' id='word_1_233' title='bbox 1178 2354 1185 2361; x_wconf 90' lang='grc'><strong>”</strong></span> <span class='ocrx_word' id='word_1_234' title='bbox 1211 2363 1244 2392; x_wconf 86' lang='grc' dir='ltr'>ιο</span> <span class='ocrx_word' id='word_1_235' title='bbox 1297 2349 1518 2402; x_wconf 88' lang='lat' dir='ltr'>nostro]</span> <span class='ocrx_word' id='word_1_236' title='bbox 1561 2350 1623 2390; x_wconf 92' lang='lat' dir='ltr'>ed.</span> <span class='ocrx_word' id='word_1_237' title='bbox 1654 2350 1743 2390; x_wconf 79' lang='lat' dir='ltr'>Bas.</span> <span class='ocrx_word' id='word_1_238' title='bbox 1780 2351 1891 2394; x_wconf 86' lang='grc'><strong>1531,</strong></span> <span class='ocrx_word' id='word_1_239' title='bbox 1917 2360 2108 2392; x_wconf 79' lang='lat' dir='ltr'>nostrum.</span> 
     </span>
     <span class='ocr_line' id='line_1_31' title="bbox 184 2402 1866 2456; baseline -0.004 -5"><span class='ocrx_word' id='word_1_240' title='bbox 184 2420 218 2451; x_wconf 77' lang='grc'>12</span> <span class='ocrx_word' id='word_1_241' title='bbox 270 2402 372 2449; x_wconf 63' lang='lat' dir='ltr'>drzu</span> <span class='ocrx_word' id='word_1_242' title='bbox 401 2407 547 2449; x_wconf 77' lang='lat' dir='ltr'>Reiske</span> <span class='ocrx_word' id='word_1_243' title='bbox 574 2415 614 2448; x_wconf 92' lang='lat' dir='ltr'>et</span> <span class='ocrx_word' id='word_1_244' title='bbox 641 2407 786 2451; x_wconf 83' lang='lat' dir='ltr'>codex.</span> <span class='ocrx_word' id='word_1_245' title='bbox 814 2409 927 2446; x_wconf 69' lang='grc' dir='ltr'>εἰπεῖν</span> <span class='ocrx_word' id='word_1_246' title='bbox 955 2420 995 2445; x_wconf 88' lang='grc' dir='ltr'>ν.</span> <span class='ocrx_word' id='word_1_247' title='bbox 1214 2416 1247 2446; x_wconf 78' lang='grc'>15</span> <span class='ocrx_word' id='word_1_248' title='bbox 1298 2411 1427 2448; x_wconf 85' lang='lat' dir='ltr'>&lt;sum</span> <span class='ocrx_word' id='word_1_249' title='bbox 1443 2412 1519 2443; x_wconf 54' lang='lat' dir='ltr'>usX</span> <span class='ocrx_word' id='word_1_250' title='bbox 1558 2404 1651 2444; x_wconf 79' lang='lat' dir='ltr'>add.</span> <span class='ocrx_word' id='word_1_251' title='bbox 1681 2403 1866 2456; x_wconf 66' lang='lat' dir='ltr'>Madvig.</span> 
     </span>
     <span class='ocr_line' id='line_1_32' title="bbox 1213 2456 1917 2501; baseline 0 -3"><span class='ocrx_word' id='word_1_252' title='bbox 1213 2469 1247 2499; x_wconf 79' lang='lat'>16</span> <span class='ocrx_word' id='word_1_253' title='bbox 1298 2465 1447 2501; x_wconf 54' lang='lat' dir='ltr'>(eum)</span> <span class='ocrx_word' id='word_1_254' title='bbox 1486 2456 1579 2497; x_wconf 80' lang='lat' dir='ltr'>add.</span> <span class='ocrx_word' id='word_1_255' title='bbox 1609 2456 1917 2498; x_wconf 77' lang='lat' dir='ltr'>Weissenborn.</span> 
     </span>
     <span class='ocr_line' id='line_1_33' title="bbox 1214 2509 2108 2562; baseline -0.001 -10"><span class='ocrx_word' id='word_1_256' title='bbox 1214 2522 1293 2552; x_wconf 49' lang='lat'>1219</span> <span class='ocrx_word' id='word_1_257' title='bbox 1346 2518 1362 2551; x_wconf 90' lang='lat' dir='ltr'>t</span> <span class='ocrx_word' id='word_1_258' title='bbox 1376 2525 1393 2550; x_wconf 85' lang='lat' dir='ltr'>r</span> <span class='ocrx_word' id='word_1_259' title='bbox 1408 2517 1419 2550; x_wconf 88' lang='lat' dir='ltr'>i</span> <span class='ocrx_word' id='word_1_260' title='bbox 1435 2526 1460 2550; x_wconf 92' lang='lat' dir='ltr'>u</span> <span class='ocrx_word' id='word_1_261' title='bbox 1475 2524 1512 2550; x_wconf 90' lang='lat' dir='ltr'>m</span> <span class='ocrx_word' id='word_1_262' title='bbox 1528 2524 1555 2561; x_wconf 93' lang='lat' dir='ltr'>p</span> <span class='ocrx_word' id='word_1_263' title='bbox 1570 2510 1595 2550; x_wconf 87' lang='lat' dir='ltr'>h</span> <span class='ocrx_word' id='word_1_264' title='bbox 1606 2525 1631 2550; x_wconf 91' lang='lat' dir='ltr'>u</span> <span class='ocrx_word' id='word_1_265' title='bbox 1642 2510 1677 2562; x_wconf 83' lang='lat' dir='ltr'>s]</span> <span class='ocrx_word' id='word_1_266' title='bbox 1712 2509 1962 2555; x_wconf 81' lang='lat' dir='ltr'>Gronovius.</span> <span class='ocrx_word' id='word_1_267' title='bbox 1991 2519 2108 2552; x_wconf 57' lang='lat' dir='ltr'>utrm</span> 
     </span>
     <span class='ocr_line' id='line_1_34' title="bbox 1161 2563 2004 2615; baseline 0.001 -12"><span class='ocrx_word' id='word_1_268' title='bbox 1161 2587 1206 2598; x_wconf 90' lang='lat'>—</span> <span class='ocrx_word' id='word_1_269' title='bbox 1235 2563 1436 2615; x_wconf 79' lang='lat' dir='ltr'>vestri]</span> <span class='ocrx_word' id='word_1_270' title='bbox 1479 2563 1541 2603; x_wconf 92' lang='lat' dir='ltr'>ed.</span> <span class='ocrx_word' id='word_1_271' title='bbox 1572 2563 1662 2604; x_wconf 82' lang='lat' dir='ltr'>Bas.</span> <span class='ocrx_word' id='word_1_272' title='bbox 1698 2564 1808 2607; x_wconf 83' lang='lat'>1531.</span> <span class='ocrx_word' id='word_1_273' title='bbox 1838 2572 2004 2605; x_wconf 70' lang='lat' dir='ltr'>vestros.</span> 
     </span>
     <span class='ocr_line' id='line_1_35' title="bbox 1158 2616 2113 2711; baseline 0 -52"><span class='ocrx_word' id='word_1_274' title='bbox 1158 2630 1292 2711; x_wconf 54' lang='lat' dir='ltr'>555ng</span> <span class='ocrx_word' id='word_1_275' title='bbox 1317 2630 1368 2710; x_wconf 57' lang='lat' dir='ltr'>te</span> <span class='ocrx_word' id='word_1_276' title='bbox 1384 2631 1408 2657; x_wconf 90' lang='lat' dir='ltr'>x</span> <span class='ocrx_word' id='word_1_277' title='bbox 1423 2630 1451 2657; x_wconf 94' lang='lat' dir='ltr'>o</span> <span class='ocrx_word' id='word_1_278' title='bbox 1466 2632 1483 2656; x_wconf 85' lang='lat' dir='ltr'>t</span> <span class='ocrx_word' id='word_1_279' title='bbox 1497 2631 1516 2657; x_wconf 87' lang='lat' dir='ltr'>s</span> <span class='ocrx_word' id='word_1_280' title='bbox 1531 2623 1620 2657; x_wconf 89' lang='lat' dir='ltr'>i—e</span> <span class='ocrx_word' id='word_1_281' title='bbox 1635 2616 1666 2668; x_wconf 91' lang='lat' dir='ltr'>t]</span> <span class='ocrx_word' id='word_1_282' title='bbox 1722 2617 1875 2661; x_wconf 81' lang='lat' dir='ltr'>eadem.</span> <span class='ocrx_word' id='word_1_283' title='bbox 1925 2619 2113 2659; x_wconf 73' lang='lat' dir='ltr'>etobsiad</span> 
     </span>
     <span class='ocr_line' id='line_1_36' title="bbox 1188 2684 1343 2711; baseline -0.013 0"><span class='ocrx_word' id='word_1_284' title='bbox 1188 2685 1273 2711; x_wconf 72' lang='lat' dir='ltr'>isca</span> <span class='ocrx_word' id='word_1_285' title='bbox 1291 2684 1315 2710; x_wconf 86' lang='lat' dir='ltr'>e</span> <span class='ocrx_word' id='word_1_286' title='bbox 1336 2701 1343 2709; x_wconf 95' lang='lat'>.</span> 
     </span>
     <span class='ocr_line' id='line_1_37' title="bbox 1211 2723 2111 2775; baseline 0 -9"><span class='ocrx_word' id='word_1_287' title='bbox 1211 2737 1247 2766; x_wconf 75' lang='lat'>25</span> <span class='ocrx_word' id='word_1_288' title='bbox 1300 2723 1489 2766; x_wconf 68' lang='lat' dir='ltr'>&lt;bello&gt;</span> <span class='ocrx_word' id='word_1_289' title='bbox 1529 2723 1621 2763; x_wconf 82' lang='lat' dir='ltr'>add.</span> <span class='ocrx_word' id='word_1_290' title='bbox 1651 2723 1836 2775; x_wconf 67' lang='lat' dir='ltr'>Madvig.</span> <span class='ocrx_word' id='word_1_291' title='bbox 1869 2746 1914 2757; x_wconf 89' lang='lat'>—</span> <span class='ocrx_word' id='word_1_292' title='bbox 1945 2730 1993 2765; x_wconf 90' lang='lat' dir='ltr'>in</span> <span class='ocrx_word' id='word_1_293' title='bbox 2021 2724 2111 2766; x_wconf 79' lang='lat' dir='ltr'>Ca-</span> 
     </span>
     <span class='ocr_line' id='line_1_38' title="bbox 1160 2776 1968 2829; baseline -0.001 -11"><span class='ocrx_word' id='word_1_294' title='bbox 1160 2784 1284 2829; x_wconf 88' lang='lat' dir='ltr'>pito</span> <span class='ocrx_word' id='word_1_295' title='bbox 1300 2777 1311 2817; x_wconf 92' lang='lat' dir='ltr'>l</span> <span class='ocrx_word' id='word_1_296' title='bbox 1328 2783 1337 2816; x_wconf 94' lang='lat' dir='ltr'>i</span> <span class='ocrx_word' id='word_1_297' title='bbox 1354 2792 1379 2817; x_wconf 95' lang='lat' dir='ltr'>u</span> <span class='ocrx_word' id='word_1_298' title='bbox 1394 2776 1447 2828; x_wconf 89' lang='lat' dir='ltr'>ml</span> <span class='ocrx_word' id='word_1_299' title='bbox 1492 2776 1695 2828; x_wconf 74' lang='lat' dir='ltr'>Kreyssiq.</span> <span class='ocrx_word' id='word_1_300' title='bbox 1725 2778 1968 2828; x_wconf 78' lang='lat' dir='ltr'>incapitolio.</span> 
     </span>
    </p>
   </div>
   <div class='ocr_carea' id='block_1_7' title="bbox 132 2883 338 2890">
    <p class='ocr_par' dir='ltr' id='par_1_9' title="bbox 132 2883 338 2890">
     <span class='ocr_line' id='line_1_39' title="bbox 132 2883 338 2890; baseline 0 742"><span class='ocrx_word' id='word_1_301' title='bbox 132 2883 338 2890; x_wconf 95' lang='lat' dir='ltr'> </span> 
     </span>
    </p>
   </div>
   <div class='ocr_carea' id='block_1_8' title="bbox 200 2913 2111 2970">
    <p class='ocr_par' dir='ltr' id='par_1_10' title="bbox 200 2886 2111 2970">
     <span class='ocr_line' id='line_1_40' title="bbox 200 2913 2111 2970; baseline -0.003 -10"><span class='ocrx_word' id='word_1_302' title='bbox 200 2929 253 2961; x_wconf 75' lang='grc'>3-4</span> <span class='ocrx_word' id='word_1_303' title='bbox 319 2917 352 2959; x_wconf 88' lang='lat' dir='ltr'><strong>P</strong></span> <span class='ocrx_word' id='word_1_304' title='bbox 367 2917 393 2959; x_wconf 91' lang='lat' dir='ltr'>h</span> <span class='ocrx_word' id='word_1_305' title='bbox 408 2924 419 2959; x_wconf 97' lang='lat' dir='ltr'>i</span> <span class='ocrx_word' id='word_1_306' title='bbox 434 2917 448 2959; x_wconf 86' lang='lat'><em>1</em></span> <span class='ocrx_word' id='word_1_307' title='bbox 461 2923 474 2959; x_wconf 89' lang='lat' dir='ltr'>i</span> <span class='ocrx_word' id='word_1_308' title='bbox 488 2932 516 2970; x_wconf 91' lang='lat' dir='ltr'>p</span> <span class='ocrx_word' id='word_1_309' title='bbox 530 2932 558 2969; x_wconf 87' lang='lat' dir='ltr'>p</span> <span class='ocrx_word' id='word_1_310' title='bbox 572 2933 598 2959; x_wconf 94' lang='lat' dir='ltr'>u</span> <span class='ocrx_word' id='word_1_311' title='bbox 613 2931 713 2958; x_wconf 81' lang='lat' dir='ltr'>s—n</span> <span class='ocrx_word' id='word_1_312' title='bbox 727 2930 756 2958; x_wconf 95' lang='lat' dir='ltr'>o</span> <span class='ocrx_word' id='word_1_313' title='bbox 770 2931 807 2957; x_wconf 90' lang='lat' dir='ltr'>m</span> <span class='ocrx_word' id='word_1_314' title='bbox 823 2922 834 2957; x_wconf 94' lang='lat' dir='ltr'>i</span> <span class='ocrx_word' id='word_1_315' title='bbox 849 2930 875 2957; x_wconf 93' lang='lat' dir='ltr'>n</span> <span class='ocrx_word' id='word_1_316' title='bbox 887 2915 941 2968; x_wconf 81' lang='lat' dir='ltr'>a.]</span> <span class='ocrx_word' id='word_1_317' title='bbox 998 2914 1069 2956; x_wconf 93' lang='lat' dir='ltr'>Ob</span> <span class='ocrx_word' id='word_1_318' title='bbox 1119 2920 1243 2965; x_wconf 76' lang='lat' dir='ltr'>ipsam</span> <span class='ocrx_word' id='word_1_319' title='bbox 1287 2913 1484 2954; x_wconf 84' lang='lat' dir='ltr'>Plutarchi</span> <span class='ocrx_word' id='word_1_320' title='bbox 1527 2914 1739 2954; x_wconf 75' lang='lat' dir='ltr'>verborum</span> <span class='ocrx_word' id='word_1_321' title='bbox 1781 2914 2111 2966; x_wconf 63' lang='lat' dir='ltr'>munificentiam</span> 
     </span>
    </p>
   </div>
   <div class='ocr_carea' id='block_1_9' title="bbox 0 2942 2109 3034">
    <p class='ocr_par' dir='ltr' id='par_1_11' title="bbox 0 2940 2109 3034">
     <span class='ocr_line' id='line_1_41' title="bbox 0 2942 2109 3034; baseline -0.003 -21"><span class='ocrx_word' id='word_1_322' title='bbox 0 2942 1 2971; x_wconf 22' lang='grc' dir='ltr'>ἶ</span> <span class='ocrx_word' id='word_1_323' title='bbox 31 3019 42 3034; x_wconf 89' lang='lat'><strong>5</strong></span> <span class='ocrx_word' id='word_1_324' title='bbox 75 2988 79 2993; x_wconf 94' lang='lat'>·</span> <span class='ocrx_word' id='word_1_325' title='bbox 130 2978 272 3013; x_wconf 71' lang='lat' dir='ltr'>contr·</span> <span class='ocrx_word' id='word_1_326' title='bbox 299 2970 569 3013; x_wconf 76' lang='lat' dir='ltr'>Schwarzium</span> <span class='ocrx_word' id='word_1_327' title='bbox 598 2986 637 3022; x_wconf 90' lang='lat' dir='ltr'>p.</span> <span class='ocrx_word' id='word_1_328' title='bbox 668 2971 718 3012; x_wconf 90' lang='grc'>59</span> <span class='ocrx_word' id='word_1_329' title='bbox 746 2984 777 3011; x_wconf 81' lang='lat' dir='ltr'>s.</span> <span class='ocrx_word' id='word_1_330' title='bbox 821 2969 975 3010; x_wconf 87' lang='lat' dir='ltr'>Livium</span> <span class='ocrx_word' id='word_1_331' title='bbox 1004 2982 1138 3008; x_wconf 78' lang='lat' dir='ltr'>veram</span> <span class='ocrx_word' id='word_1_332' title='bbox 1156 2967 1315 3018; x_wconf 81' lang='lat' dir='ltr'>Polybii</span> <span class='ocrx_word' id='word_1_333' title='bbox 1332 2967 1541 3007; x_wconf 87' lang='lat' dir='ltr'>lectionem</span> <span class='ocrx_word' id='word_1_334' title='bbox 1557 2967 1702 3007; x_wconf 81' lang='lat' dir='ltr'>habere</span> <span class='ocrx_word' id='word_1_335' title='bbox 1716 2968 1959 3008; x_wconf 83' lang='lat' dir='ltr'>contendere</span> <span class='ocrx_word' id='word_1_336' title='bbox 1972 2974 2109 3009; x_wconf 78' lang='lat' dir='ltr'>ausim.</span> 
     </span>
    </p>
   </div>
   <div class='ocr_carea' id='block_1_10' title="bbox 187 3019 1845 3127">
    <p class='ocr_par' dir='ltr' id='par_1_12' title="bbox 187 3019 1845 3127">
     <span class='ocr_line' id='line_1_42' title="bbox 200 3019 1837 3077; baseline -0.005 -9"><span class='ocrx_word' id='word_1_337' title='bbox 200 3036 274 3068; x_wconf 70' lang='lat'>5-10</span> <span class='ocrx_word' id='word_1_338' title='bbox 327 3022 917 3077; x_wconf 61' lang='lat' dir='ltr'>ipsum-triumphus]</span> <span class='ocrx_word' id='word_1_339' title='bbox 975 3021 1014 3062; x_wconf 79' lang='grc' dir='ltr'>Α</span> <span class='ocrx_word' id='word_1_340' title='bbox 1057 3021 1173 3061; x_wconf 86' lang='lat' dir='ltr'>Livio</span> <span class='ocrx_word' id='word_1_341' title='bbox 1200 3029 1419 3064; x_wconf 76' lang='lat' dir='ltr'>exornata:</span> <span class='ocrx_word' id='word_1_342' title='bbox 1447 3020 1498 3060; x_wconf 76' lang='lat' dir='ltr'>cf.</span> <span class='ocrx_word' id='word_1_343' title='bbox 1528 3019 1678 3061; x_wconf 74' lang='lat' dir='ltr'>Nissen</span> <span class='ocrx_word' id='word_1_344' title='bbox 1706 3035 1744 3071; x_wconf 93' lang='lat' dir='ltr'>p.</span> <span class='ocrx_word' id='word_1_345' title='bbox 1775 3021 1837 3062; x_wconf 85' lang='lat'>25.</span> 
     </span>
     <span class='ocr_line' id='line_1_43' title="bbox 187 3072 1845 3127; baseline -0.004 -8"><span class='ocrx_word' id='word_1_346' title='bbox 187 3088 256 3120; x_wconf 67' lang='lat' dir='ltr'>iu</span> <span class='ocrx_word' id='word_1_347' title='bbox 273 3089 358 3126; x_wconf 62' lang='grc' dir='ltr'>με»</span> <span class='ocrx_word' id='word_1_348' title='bbox 411 3075 876 3127; x_wconf 57' lang='lat' dir='ltr'>maiores—audi]</span> <span class='ocrx_word' id='word_1_349' title='bbox 920 3074 959 3115; x_wconf 81' lang='grc' dir='ltr'>Α</span> <span class='ocrx_word' id='word_1_350' title='bbox 989 3074 1105 3115; x_wconf 85' lang='lat' dir='ltr'>Livio</span> <span class='ocrx_word' id='word_1_351' title='bbox 1132 3080 1381 3125; x_wconf 68' lang='lat' dir='ltr'>excoqitataz</span> <span class='ocrx_word' id='word_1_352' title='bbox 1409 3072 1459 3113; x_wconf 80' lang='lat' dir='ltr'>cf.</span> <span class='ocrx_word' id='word_1_353' title='bbox 1490 3073 1639 3114; x_wconf 69' lang='lat' dir='ltr'>Nissen</span> <span class='ocrx_word' id='word_1_354' title='bbox 1668 3088 1706 3124; x_wconf 89' lang='lat' dir='ltr'>p.</span> <span class='ocrx_word' id='word_1_355' title='bbox 1736 3074 1788 3114; x_wconf 86' lang='lat'>26</span> <span class='ocrx_word' id='word_1_356' title='bbox 1815 3088 1845 3114; x_wconf 80' lang='lat' dir='ltr'>s.</span> 
     </span>
    </p>
   </div>
  </div>
 </body>
</html>
