2430 3632
1002 226 1275 259 ΑΡΡεΝοιεεε.
2006 222 2049 261 91

210 337 296 396 τὰς
330 338 383 388 δὲ
416 338 578 408 πόλεις
614 338 917 387 Μακεδόνων
953 340 1032 388 καὶ
1058 340 1297 403 Ἰλλυριῶν
1327 340 1535 397 ἁλούσας
1563 341 1673 404 παρ’
1706 342 1870 390 ἐλπίδα
1901 343 2057 398 πάσας

210 409 468 473 ἐλευθέρας
517 411 719 474 ἀφῆκεν,
773 412 923 458 καίτοι
971 411 1211 475 μεγάλους
1258 411 1508 468 κινδύνους
1554 412 1907 477 ὑπομεινάντων
1948 414 2056 462 Ῥω-

38 486 69 550 'J
123 489 133 505 ²
209 481 368 546 μαίων
401 481 629 536 πολλάκις
664 482 716 528 ἐν
751 488 847 537 τοῖς
881 482 1006 544 πρὸς
1042 482 1234 545 Περσέα
1270 483 1508 547 πολέμοις,
1549 484 1629 532 καὶ
1664 485 1762 546 πρό
1799 502 1855 547 γε
1888 484 2058 533 τούτου

50 582 56 591 ›
211 551 531 616 κρατήσαντες
564 552 759 615 πολέμῳ
800 553 1035 600 Φιλίππου
1072 558 1155 601 τοῦ
1190 554 1371 616 πατρὸς
1406 554 1554 602 αὐτοῦ
1590 555 1670 602 καὶ
1695 554 1943 619 Ἀντιόχου
1974 560 2058 604 τοῦ
2075 571 2111 601 ³5

209 622 437 688 μεγάλου,
479 623 559 671 καὶ
595 628 821 671 τοσοῦτον
855 623 925 671 ἐπ’
964 624 1124 679 αὐτοῖς
1158 625 1683 687 φιλανθρωπευθέντων
1711 626 1779 681 ὡς
1807 627 1877 691 μὴ
1907 627 2058 690 μόνον

211 693 296 751 τάς
340 694 582 758 βασιλείας
629 694 786 742 αὐτῶν
833 695 967 759 ἔχειν,
1021 695 1138 742 ἀλλὰ
1190 696 1270 743 καὶ
1306 696 1474 760 φίλους
1509 696 1683 752 αὐτοὺς
1717 697 1832 745 εἶναι
1868 714 2055 762 συγχω-

210 771 367 830 ρῆσαι·
402 765 472 830 ἐφ’
506 765 577 821 οἷς
605 764 804 820 ἑαυτοὺς
835 766 1119 821 Μακεδόνες
1149 767 1573 831 ἀγνωμονήσαντες
1602 769 1826 824 ἀναξίους
1853 769 2058 816 ἐδόκουν

209 836 403 885 ἔσεσθαι
450 836 627 892 παντὸς
673 836 834 891 ἐλέους
881 837 1188 901 χειρωθέντες
1231 838 1473 901 Ῥωμαίοις
1507 837 1596 886 σὺν
1631 848 1696 903 τῷ
1733 839 1920 901 Περσεῖ.
1957 840 2054 887 ἀλλ’

211 907 246 972 ἦ
291 907 559 973 σύγκλητος
605 908 945 972 ἀμνησικάκως
993 908 1072 956 καὶ
1121 908 1477 973 μεγαλοψύχως
1524 910 1683 965 αὐτοῖς
1724 911 2051 975 προσηνέχθη,
2077 928 2110 956 ιο

46 1007 64 1039 ;.,
93 1002 102 1031 ·ῑ
211 978 300 1044 τὴν
343 979 619 1042 ἐλευθερίαν
666 980 765 1026 ἀντὶ
815 980 1032 1034 δουλείας
1074 980 1380 1044 χαρισαμένη,
1422 981 1601 1045 ὁμοίως
1642 980 1694 1028 δὲ
1730 982 1810 1029 καὶ
1846 988 1942 1036 τοῖς
1970 982 2056 1029 Ἰλ-

45 1099 51 1107 ,
84 1047 87 1051 “
172 1049 400 1113 ελυριοῖς·
448 1050 530 1098 καὶ
573 1049 752 1098 τούτων
789 1050 883 1113 γὰρ
922 1050 1004 1097 τὸν
1044 1050 1239 1113 βασιλέα
1280 1051 1328 1098 Γ
1319 1052 1510 1099 εντίωνα
1548 1052 1847 1116 αἰχμάλωτον
1881 1053 2057 1115 ἔλαβον

43 1124 46 1133 ’
210 1120 301 1171 σὺν
339 1130 407 1185 τῷ
447 1121 637 1184 Περσεῖ.
680 1122 886 1185 εὐγενῶς
940 1121 1027 1169 οὖν
1074 1122 1234 1177 αὐτοῖς
1277 1122 1492 1185 Ῥωμαῖοι
1541 1122 1627 1186 τὴν
1661 1123 1936 1185 ἐλευθερίαν
1970 1142 2054 1188 χα-

210 1193 452 1257 ρισάμενοι
506 1192 562 1240 τὰ
617 1193 764 1257 ἡμίση
819 1193 962 1240 δίδειν
1015 1197 1109 1240 τῶν
1164 1193 1308 1240 τελῶν
1359 1194 1656 1255 προσέταξαν
1709 1194 1778 1241 ὧν
1823 1195 2058 1257 πρότερον

209 1263 399 1313 ἐτέλουν
432 1270 529 1320 τοῖς
563 1265 696 1319 ἰδίοις
730 1264 1009 1327 βασιλεῦσιν.
1045 1266 1227 1325 (Georg.
1262 1268 1450 1324 Syncell.
1484 1268 1651 1314 Chron.
1686 1286 1727 1325 p.
1762 1270 1875 1325 267).

271 1378 385 1428 Cum
431 1391 610 1427 senatus
648 1382 893 1426 consultum
927 1381 1209 1437 paragrapho
1241 1382 1268 1424 3
1300 1392 1585 1425 memoratum
1618 1382 1970 1426 verisimillimum
2003 1390 2057 1427 sit

210 1459 356 1499 statim
394 1464 495 1509 post
526 1459 755 1497 victoriam
792 1451 938 1497 Persei
972 1459 1212 1496 nuntiatam
1248 1451 1407 1496 factum
1440 1467 1549 1499 esse.
1581 1459 1685 1507 quia
1715 1464 2056 1498 consentaneum

210 1535 279 1570 eet
322 1530 516 1570 omnium
563 1531 747 1579 primum
780 1534 940 1568 sortem
977 1522 1276 1567 Macedoniae
1307 1529 1476 1567 senatui
1506 1538 1639 1568 curae
1670 1523 1801 1567 fuisse
1831 1534 1874 1568 et
1906 1523 2056 1568 Aemi-

211 1595 315 1641 lium
362 1594 545 1641 Paulum
591 1611 722 1651 quam
771 1602 970 1650 primum.
1018 1595 1123 1650 quid
1162 1594 1338 1639 faceret.
1371 1600 1602 1639 certiorem
1635 1594 1879 1639 faciendum
1912 1595 2056 1642 fuisse.

211 1677 334 1724 patet
380 1667 466 1712 hoc
511 1667 803 1723 fragmentum
849 1667 908 1710 ad
953 1682 1114 1710 annum
1164 1663 1351 1709 169s'168
1393 1672 1611 1719 pertinere
1641 1666 1760 1720 (vide
1793 1682 1892 1722 pag.
1932 1667 1982 1720 l).
2014 1667 2057 1711 id

210 1748 279 1784 est
322 1739 381 1784 ad
427 1738 583 1784 librum
630 1736 787 1782 XXIX
834 1736 1022 1792 Polybii.
1085 1735 1293 1785 Quocum
1340 1743 1549 1781 convenit
1597 1735 1808 1792 Polybius
1853 1743 1896 1781 in
1929 1738 2059 1782 rebus

213 1808 366 1855 ltaliae
405 1809 516 1855 illius
555 1815 659 1855 anni
700 1815 845 1854 statim
889 1818 990 1864 post
1026 1814 1255 1852 victoriam
1286 1807 1476 1854 allatam.
1509 1819 1556 1852 ut
1587 1823 1639 1852 ex
1671 1814 1795 1852 initio
1826 1808 2058 1864 fragmenti

209 1879 411 1938 apparet.
443 1891 641 1926 senatum
672 1895 1023 1925 commemorans
1053 1878 1104 1932 (c.
1143 1879 1195 1922 19
1227 1877 1414 1932 B..W.).
1468 1877 1602 1927 Quae
1632 1885 1667 1923 si
1698 1889 1817 1924 recte
1837 1879 2058 1935 disputata

210 1962 326 2000 sunt.
366 1958 411 1997 et
458 1951 646 1997 Diodori
694 1953 833 1996 verba
863 1950 1168 1995 antecedentia
1199 1949 1490 2004 (c.8.1—2)
1520 1955 1565 1994 et
1596 1956 1823 2004 sequentia
1853 1948 2057 2005 Syncelli.

211 2023 305 2069 fere
349 2023 407 2069 ad
453 2023 638 2068 verbum
686 2038 785 2068 cum
826 2038 864 2067 c.
908 2023 949 2069 8
987 2022 1098 2065 1-3
1133 2027 1435 2076 congruentia.
1467 2036 1520 2064 ex
1554 2019 1728 2076 Polybii
1760 2020 1872 2065 libro
1902 2019 2058 2078 XXIX

211 2095 443 2151 daumpta
473 2110 568 2140 esse
599 2100 873 2139 necesseario
904 2092 1194 2137 statuendum.

368 2235 510 2282 Plut.
552 2236 684 2282 Aem.
718 2234 846 2281 Paul.
879 2234 967 2291 28.]
1047 2234 1140 2276 τῶν
1194 2228 1245 2275 δὲ
1301 2228 1416 2275 δέκα
1471 2228 1720 2291 πρέσβεων
1773 2229 1827 2276 ἐκ
1878 2228 2055 2294 Ῥώμης

213 2277 290 2324 vn
365 2302 670 2368 ἀφικομένων
706 2302 958 2350 Μακεδόσι
994 2302 1082 2364 μὲν
1117 2300 1338 2347 ἀπέδωκε
1368 2299 1454 2363 τὴν
1484 2299 1649 2363 χώραν
1680 2300 1758 2347 καὶ
1791 2300 1872 2354 τὰς
1900 2301 2058 2355 πόλεις

211 2374 469 2438 ἐλευθέρας
505 2375 651 2422 οἰκεῖν
686 2374 766 2421 καὶ
803 2373 1111 2435 αὐτονόμους,
1154 2371 1324 2418 ἑκατὸν
1360 2371 1411 2417 δὲ
1443 2371 1641 2417 τάλαντα
1669 2371 1911 2434 Ῥωμαίοις
1941 2372 2057 2419 ὑπο-

212 2445 366 2503 τελεῖν,
407 2445 467 2494 οὖ
502 2445 648 2493 πλέον
685 2446 716 2509 ἢ
754 2444 999 2492 διπλάσιον
1035 2450 1131 2497 τοῖς
1165 2442 1435 2505 βασιλεῦσιν
1471 2441 1724 2505 εἰσέφερον.

274 2562 324 2608 ln
355 2562 639 2608 memoranda
670 2562 819 2607 tributi
851 2576 1017 2606 summa
1050 2560 1146 2615 plus
1178 2558 1361 2614 praebet
1385 2556 1654 2604 Plutarchus.
1678 2574 1808 2613 quam
1834 2557 2059 2603 Diodorus

213 2643 258 2680 et
303 2633 454 2679 Livius
498 2632 747 2689 (Schwarze
794 2649 834 2688 p.
884 2632 969 2686 52).
1017 2637 1185 2675 minora
1232 2641 1386 2674 contra
1435 2635 1477 2672 in
1509 2628 1695 2674 decretis
1725 2630 2056 2676 enumerandis;

212 2711 344 2751 etiam
376 2711 586 2751 incertum
618 2704 722 2749 illud
754 2699 802 2743 οἱ·
836 2699 960 2742 πλέον
996 2702 1015 2754 ἰ)
1049 2698 1263 2740 διπλάσιον
1295 2700 1527 2754 discrepat.
1578 2698 1835 2744 Plutarchus
1867 2700 1974 2745 haec
2006 2716 2057 2745 ex

214 2774 407 2833 Polybio
438 2776 631 2821 hausisse
663 2791 752 2820 non
786 2774 971 2818 videtur.

410 2894 542 2951 Just.
590 2892 803 2940 XXXIII,
852 2894 891 2938 2.
940 2892 979 2935 7.
1042 2889 1107 2935 Ita
1159 2906 1256 2934 cum
1305 2896 1348 2933 in
1381 2889 1597 2933 dicionem
1631 2887 1933 2938 Romanorum
1965 2905 2057 2934 ces-

409 2970 552 3013 sisset.
586 2964 917 3022 magistratibus
945 2978 1026 3019 per
1054 2962 1255 3018 singulas
1286 2964 1481 3005 civitates
1511 2964 1757 3004 constitutis
1785 2961 1919 3005 libera
1940 2961 2057 3018 facta

214 2940 348 2988 vm.
