2430 3632
840 260 877 291 C.
926 260 1184 291 conveuTus
1210 261 1450 293 Ampfflpou.
2091 256 2130 291 31

135 400 137 402 .
154 357 244 402 Pol.
265 357 400 403 XXX.
428 360 474 399 Η
494 357 613 399 RW
628 374 639 404 ς
657 358 802 399 15“Ηιι.
912 357 1037 399 Diod.
1054 358 1210 403 XXXI.
1226 360 1263 403 8.
1284 361 1331 400 13
1346 359 1414 400 Di.
1591 360 1677 401 Liv.
1699 358 1833 403 XLV.
1849 360 2020 404 32—34.
2034 359 2072 400 9.

152 433 270 501 σθω
285 439 384 492 τρῖς
385 433 641 496 ,πολεμιοις
651 450 792 495 στρα-
846 433 962 480 coac
981 439 1077 488 τοῖς
1088 434 1484 498 ἀντιτεταγμένοις
1538 445 1612 495 qui
1644 445 1821 485 vincere
1851 438 1969 484 bello
1995 445 2135 484 sciret.

151 522 371 571 τηγικως.
406 532 476 540 —
845 521 1182 568 στρατηγικως.

154 587 226 634 33.
287 584 423 632 Edito
452 585 621 631 ludicro
652 584 812 642 [omnis
842 584 1030 642 generis]
1063 586 1317 643 clupeisque
1345 594 1486 632 aereis
1517 596 1561 632 in
1592 603 1731 632 naves
1761 593 1961 643 inpositis
1990 596 2137 632 cetera

115 669 137 701 2
154 664 297 705 omnis
344 663 519 715 ueneris
569 672 692 702 arma
742 657 962 702 cumulata
1011 663 1089 702 εἰη)
1139 664 1360 715 ingentem
1411 674 1633 707 acervum.
1680 667 1884 715 precatus
1925 657 2137 706 Martem.

155 728 411 777 Minervam
458 728 684 784 Luamque
729 738 911 773 matrem
958 738 1002 773 et
1046 739 1219 774 ceteros
1253 729 1375 778 deos.
1408 730 1566 786 quibus
1596 729 1737 786 spolia
1769 729 1958 775 hostium
1989 729 2137 774 dicare
2173 740 2192 769 ⁵

152 808 221 849 ius
263 800 420 857 iusque
462 809 543 848 εει,
589 805 683 856 ipse
728 806 967 855 imperator
1004 800 1100 845 face
1130 800 1305 845 subdita
1336 801 1587 848 succendit;
1618 800 1779 846 deinde
1808 806 2138 846 circumstantes

115 882 136 914 ³
154 873 316 919 tribuni
347 871 527 921 militum
559 887 643 926 pro
673 886 721 915 se
751 877 936 926 quisque
967 878 1090 927 iqnoe
1120 878 1414 917 coniecerunt.
1462 882 1616 917 notata
1647 881 1713 917 αι
1743 878 1787 916 in
1818 871 1893 916 illo
1913 881 2137 916 conventu

154 941 364 1001 Europae
407 941 645 998 Asiaeque.
677 941 871 998 undique
901 949 1058 998 partim
1090 943 1148 987 ad
1179 943 1530 999 gratulationem.
1563 949 1720 999 partim
1751 943 1810 988 ad
1841 942 2136 999 spectaculum

114 1027 135 1059 ι
152 1024 382 1063 contrama
426 1013 713 1061 multitudine.
759 1019 892 1057 tantis
937 1013 1167 1058 navalibus
1213 1014 1578 1070 terrestribusque
1617 1014 1890 1062 exercitibus,
1923 1029 1976 1058 ω
2006 1020 2136 1070 copia

152 1102 311 1135 rerum.
341 1102 396 1132 αι
425 1085 571 1130 vilitas
600 1100 819 1132 annonae.
850 1095 898 1128 ut
929 1094 972 1129 et
1004 1091 1186 1140 privatis
1216 1095 1260 1129 et
1291 1085 1542 1129 civitatibus
1572 1094 1616 1129 et
1646 1085 1851 1141 gentibus
1880 1084 2000 1130 dona
2030 1084 2135 1129 data
2159 1094 2192 1123 ¹0

152 1158 364 1217 pleraque
393 1164 486 1203 eius
515 1163 689 1213 ueneris
719 1162 803 1200 sint
833 1156 893 1200 ab
924 1162 1203 1211 imperatore.
1235 1172 1325 1200 non
1356 1162 1399 1200 in
1431 1172 1554 1200 usum
1587 1155 1722 1200 modo
1748 1165 2037 1211 praesentem.
2059 1155 2136 1200 sed

114 1241 135 1272 s
153 1236 285 1276 etiam
330 1228 453 1285 quod
497 1227 655 1272 domos
699 1227 955 1272 aveherent.
1003 1227 1255 1282 spectaculo
1286 1226 1366 1271 fuit
1397 1234 1450 1274 ei.
1483 1243 1598 1282 quae
1628 1237 1825 1275 venerat.
1859 1226 2015 1271 turbae
2045 1242 2135 1271 non

152 1307 398 1348 scaenicum
445 1306 583 1355 magis
629 1298 853 1346 ludicrum.
901 1314 990 1342 non
1032 1305 1270 1343 certamina
1302 1298 1524 1343 hominum
1557 1308 1632 1343 aut
1663 1298 1876 1343 curricula
1906 1314 2134 1354 equorum.

152 1387 284 1431 quam
315 1371 481 1429 praeda
514 1370 812 1415 Macedonica
842 1377 997 1417 omnis,
1030 1376 1334 1417 ut‘viseretur‚
1367 1376 1578 1425 exposita.
1606 1379 1844 1414 statuarum
1867 1369 2135 1414 tabularum-

151 1459 240 1501 que
278 1448 357 1489 <et>
396 1442 605 1488 textilium
636 1452 680 1486 et
711 1457 917 1486 vasorum
951 1457 1003 1485 ex
1033 1457 1144 1485 auro
1175 1452 1219 1485 et
1249 1451 1436 1497 argento
1467 1452 1511 1485 et
1541 1457 1645 1485 aere
1675 1451 1719 1486 et
1749 1441 1887 1486 ebore
1917 1440 2134 1485 factorum
2158 1451 2190 1480 ¹5

114 1526 136 1556 ι
154 1521 320 1573 ingenti
349 1530 456 1560 cura
483 1520 527 1558 in
557 1529 611 1558 ea
643 1519 777 1569 reqia.
809 1523 856 1556 ut
889 1529 978 1556 non
1010 1519 1052 1556 in
1076 1522 1349 1567 praesentem
1371 1512 1506 1556 modo
1527 1518 1730 1567 speciem.
1753 1511 1954 1567 qualibus
1974 1510 2135 1556 referta

378 1582 501 1624 Diod.
530 1581 682 1626 XXXI.
711 1583 748 1625 8.
777 1582 814 1623 8-
845 1581 911 1622 Di·
1183 1590 1303 1639 regia
1349 1582 1656 1628 Alexandraee
1695 1593 1803 1630 erat.
1845 1582 1923 1627 sed
1960 1589 2003 1626 in
2035 1597 2134 1638 per-

222 1674 324 1712 Geor
354 1702 363 1710 ,
505 1651 562 1699 τὰ
638 1651 893 1713 εὑρεθέντα
989 1650 1107 1714 χρή·
1180 1666 1357 1710 petuum
1389 1670 1512 1699 usum
1545 1654 1713 1699 fierent.
1746 1654 1855 1699 haec
1887 1661 1930 1698 in
1951 1653 2132 1698 classem
2154 1664 2171 1692 ⁷

148 1723 306 1770 Synceu.
354 1735 434 1806 ἕξ
506 1741 630 1787 ματα
685 1724 751 1777 εἰς
798 1722 884 1785 τὴν
926 1721 1108 1785 Ῥώμην
1180 1732 1368 1781 inposita
1405 1725 1666 1770 devehenda
1705 1724 1889 1770 Romam
1922 1723 2005 1770 Cn.
2038 1723 2133 1769 Oc-

149 1783 255 1819 mr'
284 1783 320 1816 p.
426 1797 434 1804 ⁰
508 1793 781 1842 ἀπέστειλεν
1126 1807 1162 1837 20
1180 1804 1303 1841 tavio
1335 1796 1450 1841 data.

158 2081 160 2083 ’
219 2083 237 2115 3
290 2071 489 2126 [omnis
529 2069 778 2123 generis]
819 2069 898 2110 del.
928 2068 1197 2120 Wesenberg.

217 2139 236 2168 4
289 2132 319 2170 <i
332 2135 376 2170 n>
415 2125 509 2166 add.
537 2124 600 2166 ed.
630 2124 721 2165 Bas.
755 2124 868 2165 1531.

217 2192 238 2223 5
290 2178 323 2220 L
337 2194 364 2220 u
377 2193 403 2220 a
416 2193 454 2219 m
468 2193 496 2230 q
510 2193 536 2219 u
549 2192 573 2219 e
632 2177 859 2221 Turnebus.
889 2176 1023 2216 lunam
1052 2190 1142 2227 que.

187 2245 238 2276 ⁴w»
289 2240 330 2276 <e
343 2241 376 2277 t>
415 2232 509 2273 add.
643 2237 724 2283 νίς.

928 2462 977 2499 D.
1027 2462 1208 2505 Direptio
1233 2461 1351 2505 Epiri.

347 2605 451 2647 plut.
480 2604 597 2647 Aem.
626 2604 740 2646 Paul.
770 2619 805 2646 c.
835 2605 898 2645 29.
1338 2601 1423 2642 Liv.
1454 2600 1582 2644 XLV.
1612 2601 1674 2644 33.
1705 2601 1847 2644 7—34.
1875 2600 1912 2641 9.

150 2679 235 2734 29.
306 2680 626 2745 Διῳκημένων
661 2679 714 2727 δὲ
749 2679 939 2726 πάντων
975 2678 1103 2740 αὐτῷ

153 2751 312 2808 καλῶς
346 2750 681 2815 ἀσπασάμενος
728 2749 838 2805 τοὺς
870 2749 1103 2813 Ἕλληνας
1178 2752 1337 2797 Paulus
1368 2753 1557 2807 benigne
1589 2751 1742 2806 leqatis
1772 2751 1957 2795 dimissis

149 2822 228 2871 καὶ
274 2822 611 2885 παρακαλέσας
657 2820 767 2876 τοὺς
813 2820 1103 2874 Μακεδόνας

147 2893 420 2958 μεμνῆσθαι
455 2899 539 2957 τῆς
574 2892 833 2956 δεδομένης
869 2891 963 2939 ὑπὸ
995 2891 1101 2938 Ῥω-

148 2965 304 3028 μαίων
349 2965 622 3026 ἐλευθερίας
669 2964 908 3020 σώζοντας
956 2962 1103 3024 αὐτὴν
1130 2978 1146 3004 5

149 3034 204 3084 δι’
241 3036 463 3100 εὐνομίας
503 3036 581 3083 καὶ
619 3036 856 3098 ὁμονοίας,
