2430 3632
319 271 366 307 54
989 276 1146 305 OLYMP.
1177 270 1253 313 153,
1278 269 1323 305 2:
1350 275 1425 306 RES
1451 276 1627 305 1TAL1AE.

393 374 516 415 Diod.
546 374 702 418 XXXI,
735 375 776 413 11
810 373 877 413 Di.
1010 373 1113 413 Plut.
1138 373 1254 413 Aem.
1280 373 1394 413 Paul.
1420 387 1453 413 c.
1476 374 1646 414 35—36.
1701 374 1788 414 Liv.
1818 374 1946 419 XLV,
1980 376 2043 418 40,
2072 375 2215 416 6—42.
2249 376 2282 415 l.

1010 448 1227 510 ἐπέθηκα
1312 457 1376 510 τῷ
1454 447 1648 510 πολέμῳ
1702 448 1890 492 hostium
1962 457 2086 492 erant
2156 464 2300 503 neque

1010 519 1150 572 τέλος.
1702 526 1801 574 cogi
1868 535 2066 575 pugnate
2126 528 2301 574 poterat

1702 607 1790 637 rex,
1823 597 1934 634 inter
1966 590 2182 645 praesidia
2209 597 2300 634 eius

1629 694 1635 701 .
1702 661 1857 705 saltum
1888 661 1946 705 ad
1978 660 2152 705 Petram
2180 667 2300 705 evasi

974 746 992 775 5
1665 747 1683 775 5
1703 742 1746 776 et
1811 731 1868 776 ad
1934 748 2126 788 pugnam
2196 747 2302 787 reqe

1701 809 1878 851 <exeito>
1917 809 2012 847 acie
2051 809 2160 850 vici:
2195 802 2301 846 Ma-

1703 874 1932 918 cedoniam
2022 880 2066 917 in
2151 882 2300 928 potes·
2320 883 2339 913 5

1703 955 1837 988 tatem
1899 944 2050 1000 populi
2113 943 2300 988 Romani

1703 1015 1852 1071 redegi
1894 1025 1949 1063 et,
1989 1015 2110 1071 quod
2141 1014 2300 1059 bellum

321 1090 540 1137 καθόλου
616 1088 667 1135 δὲ
740 1087 956 1149 τέταρτον
968 1102 1002 1131 10
1662 1102 1694 1130 ιο
1704 1103 1782 1142 per
1833 1079 2164 1142 quadrienninm
2215 1095 2302 1130 tres

320 1162 423 1216 ἔτος
507 1159 957 1222 ἀντοφθαλμοῦντος
1702 1167 1806 1202 ante
1827 1173 1896 1202 me
1912 1157 2112 1202 consules
2127 1163 2188 1201 ita
2203 1172 2302 1213 qes-

321 1237 405 1280 τοῦ
447 1231 676 1295 βασιλέως
725 1236 820 1284 τοῖς
853 1230 956 1276 Ρω-
1704 1238 1864 1276 serunt,
1906 1238 1954 1272 ut
1994 1244 2165 1283 semper
2205 1243 2331 1272 suenv

321 1306 477 1367 μαίοις
534 1302 702 1349 ἑαυτὸν
756 1301 806 1347 ἐν
860 1307 958 1354 ταῖς
1704 1306 1865 1344 cessori
1925 1299 2147 1343 traderent
2202 1315 2302 1354 qra-

321 1373 683 1437 προειρημέναις
761 1372 958 1435 ἡμέραις
1704 1378 1814 1418 vius,
1857 1370 1900 1414 id
1938 1386 2024 1425 eqo
2055 1369 2301 1426 quindecim

322 1446 596 1510 ἀπεφήνατο
659 1443 1003 1505 κεκυριευκέ-ιὸ
1662 1457 1695 1486 15
1705 1442 1857 1486 diebus
1898 1441 2073 1497 perfeci.
2119 1440 2300 1485 aliarum
2321 1450 2340 1479 6
2372 1504 2374 1507 Ι

322 1536 396 1565 ναι
439 1517 596 1579 πάσης
638 1515 957 1568 Μακεδονίας.
1705 1513 1864 1557 deinde
1908 1512 2195 1557 secundarum
2236 1527 2304 1556 re-

1706 1601 1799 1628 rum
1831 1584 1952 1628 velut
1973 1593 2215 1639 proventus
2235 1598 2303 1627 se-

1706 1665 1857 1700 cutus:
1905 1661 2105 1699 civitates
2151 1669 2303 1698 omnes

323 1732 402 1778 καὶ
438 1731 539 1777 τότε
575 1729 662 1793 μὲν
695 1728 960 1790 θαυμάζειν
1277 1783 1279 1785 ,
1709 1726 2008 1771 Macedoniae
2047 1742 2095 1770 se
2124 1725 2304 1770 dedide-

323 1803 415 1866 ἔφη
458 1802 510 1848 τὸ
552 1800 831 1863 παράλογον
866 1803 1004 1845 τῶν2ο
1660 1808 1944 1853 2orunt‚qaza
1960 1803 2140 1853 regiain
2157 1806 2303 1852 potes-

324 1872 724 1935 κατορθωμάτων·
786 1871 852 1924 ὡς
906 1869 957 1916 δὲ
1705 1878 1839 1913 tatem
1895 1875 2030 1916 venit.
2086 1884 2162 1912 rex
2211 1874 2306 1923 ipse

324 1945 420 2008 μετ’
461 1944 622 2006 ὀλίγον
663 1941 827 2003 κύριος
857 1940 957 2003 ἑγέ-
1706 1940 1979 1984 tradentibus
2019 1955 2160 1995 prope
2200 1945 2305 1994 ipsis

325 2034 427 2063 νετο
475 2020 558 2061 τοῦ
603 2013 833 2077 βασιλέως
879 2011 958 2058 καὶ
1013 2012 1219 2058 ἀπιστῶν
1261 2010 1313 2057 δὲ
1342 2016 1399 2073 τῇ
1424 2009 1542 2074 τύχῃ
1575 2009 1651 2057 διὰ
1707 2012 1772 2055 dis
1803 2017 1847 2054 in
1864 2010 2029 2065 templo
2048 2009 2303 2054 Samothra-

324 2092 417 2134 τῶν
487 2086 663 2132 τέκνων
732 2084 811 2131 καὶ
877 2089 960 2146 τῆς
1013 2082 1098 2145 τὴν
1110 2083 1301 2144 εὔροιαν
1319 2087 1412 2128 τῶν
1429 2081 1652 2144 πραγμά-
1707 2098 1803 2126 cum
1832 2098 1929 2126 cum
1951 2082 2097 2125 liberis
2119 2090 2185 2125 est
2200 2097 2305 2136 cap-

324 2158 561 2221 βασιλείας
616 2158 778 2219 γάζης,
837 2152 1118 2209 πολὺ25των,
1148 2154 1214 2207 ὡς
1245 2153 1376 2199 ἄδεια
1395 2152 1548 2215 πολλὴ
1574 2152 1787 2199 mamus.
1818 2153 1920 2196 mihi
1947 2167 2125 2208 quoque
2141 2158 2222 2207 ipsi
2238 2158 2303 2196 ni-

326 2229 505 2292 μᾶλλον
559 2227 823 2289 θαυμάζειν
876 2225 962 2288 τὴν
1016 2225 1234 2278 κίνδυνος
1270 2224 1424 2278 οὐδεὶς
1460 2224 1520 2286 ἦν
1557 2223 1652 2270 ἀπὸ
1709 2222 2318 2267 miaiamfortunaviderieOu.

326 2301 516 2362 εὔροιαν
552 2305 635 2361 τῆς
670 2297 825 2360 τύχης·
863 2297 961 2343 δια·
1016 2300 1108 2341 τῶν
1155 2295 1403 2357 πολεμίων,
1456 2295 1652 2356 μάλιστα
1709 2311 1795 2350 que
1820 2304 2023 2350 suspecta
2044 2310 2151 2338 esse.
2176 2300 2305 2338 maris
2326 2305 2342 2332 ⁷

327 2370 650 2433 κομισθέντων
669 2369 720 2415 δὲ
739 2373 832 2414 τῶν
850 2385 963 2431 χρη-
1018 2366 1136 2412 κατὰ
1168 2366 1318 2412 πλοῦν
1349 2366 1538 2412 ἐδεδίειν
1569 2365 1654 2428 τὴν
1709 2365 1900 2421 pericula
1932 2372 2084 2409 timere
2113 2371 2241 2420 coepi
2262 2371 2306 2409 in

327 2443 487 2505 μάτων
518 2441 597 2487 καὶ
627 2445 719 2486 τῶν
748 2455 964 2500 στρατιω-
1018 2437 1287 2500 μεταβολὴν
1317 2441 1400 2482 τοῦ
1429 2437 1655 2498 δαίμονος
1708 2445 1830 2480 tanta
1843 2442 2026 2492 pecunia
2039 2435 2306 2491 regiainlta-

327 2518 420 2559 τῶν
467 2514 532 2566 εἰς
579 2511 663 2573 τὴν
687 2510 884 2556 Ἰταλίαν
915 2508 1089 2555 ᾰ-3οέπ’
1158 2508 1359 2571 εὐτυχίᾳ,
1430 2508 1808 2554 τοσοῦτον301ἰειω
1826 2507 2064 2551 traicienda
2081 2517 2124 2551 et
2135 2513 2304 2552 victore

328 2584 523 2646 βλαβῶς
547 2582 626 2629 καὶ
645 2581 834 2644 ταχέως,
858 2580 960 2626 τόθ’
1017 2579 1215 2640 στρατὸν
1255 2579 1531 2641 νενικηκότα
1576 2578 1655 2624 καὶ
1709 2584 1899 2622 exercitu
1950 2578 2305 2632 transportando.

329 2656 597 2718 ὁλοσχερῶς
626 2654 866 2713 διαπορεῖν
889 2651 963 2697 ἐπὶ
1018 2650 1207 2713 λάφυρα
1234 2650 1312 2696 καὶ
1331 2649 1536 2711 βασιλεῖς
1554 2650 1654 2711 αἰχ-
1709 2657 1942 2703 postquam
1976 2655 2123 2692 omnia
2154 2664 2307 2693 secun-
2326 2659 2345 2687 8

329 2735 393 2788 τῷ
406 2726 555 2772 πάντα
574 2723 964 2785 κάλλιονῆπροσ-
1018 2720 1265 2783 μαλώτους
1307 2721 1528 2782 κομίζων.
1596 2720 1654 2766 οὐ
1709 2719 1768 2763 do
1800 2726 1977 2764 navium
2004 2736 2131 2764 cursu
2153 2726 2196 2763 in
2220 2719 2306 2763 Ita-

1711 2894 1723 2933 l
1780 2854 1798 2882 6
1834 2849 1873 2885 <e
1883 2857 1909 2881 x
1919 2856 1942 2881 c
1952 2848 1964 2881 i
1974 2850 1990 2881 t
2000 2851 2044 2886 0>
2059 2842 2150 2882 add.
2168 2842 2344 2883 Drechs-

1725 2908 1767 2934 er

386 2965 466 2993 10-11
515 2952 706 3000 τέταρτον
736 2950 821 2995 ἔτος
849 2949 964 2989 Bois·
1020 2977 1027 2979 -
1765 2960 1797 2988 ιο
1846 2948 1965 3000 tres]
2005 2948 2189 2992 Leutsch,
2217 2947 2309 2988 IIII.

331 3012 468 3045 sevain
505 3004 656 3045 collato
692 3004 809 3044 Livio
857 3009 965 3042 iuxta
1072 3014 1107 3042 30
1158 2999 1218 3038 ἐπ’
1271 2998 1429 3051 εὐτυχίᾳ.
1485 2999 1655 3040 delenda
1762 3013 1798 3041 26
1848 3001 1903 3040 fo
1918 3016 1935 3040 r
1949 3010 1964 3041 t
1980 3017 2005 3042 u
2021 3016 2047 3041 n
2062 3002 2101 3053 a]
2172 3002 2308 3045 Hertz,

330 3074 364 3098 c.
395 3061 457 3102 41,
488 3059 523 3101 5.
553 3064 795 3104 τεταρταῖος.
1020 3068 1107 3094 esse
1135 3060 1249 3105 putat
1278 3052 1460 3092 Sintenis.
1709 3053 1927 3103 fortunam.
