2430 3632
689 282 726 312 Α.
775 280 1021 312 ‘rmum’nus
1047 281 1199 311 Ducum
1226 280 1511 311 ROMANORUM.

265 379 370 423 Piut.
397 379 515 421 Aem.
543 378 658 420 Paul.
688 393 724 421 c.
751 380 922 438 39-31.

118 453 463 520 dirimo&
506 454 595 502 τὸν
641 454 788 518 ὄχλον
834 453 914 500 καὶ
962 454 1076 500 α’να-

117 524 290 591 βόνης
328 525 507 588 ἀθρόοι
547 531 643 580 τοῖς
677 525 945 589 δημάρχοις
979 524 1076 571 ἔλε-

119 611 212 663 γον
241 597 447 662 ἐπισχεῖν
482 596 568 660 τὴν
601 596 931 660 ψηφοφορίαν,
966 596 1077 659 ἄχρι

118 669 182 724 ἅν
221 667 472 716 ὅιέλθωσιν
510 669 541 715 ἃ
576 666 830 730 βούλονται
865 666 989 728 πρὸς
1024 666 1076 713 τὸ

117 738 320 804 πλῆθος.
360 739 649 803 ἐπιτυχόντων
684 738 736 786 δὲ
771 738 962 785 πάντων
997 737 1077 784 καὶ

52 843 53 846 =
120 809 380 876 γενομένης
434 816 618 873 σιωπῆς
676 808 894 857 ἀνελθὼν
950 808 1075 871 ἀνὴρ

118 881 348 937 ὑπατικὸς
388 881 469 928 καὶ
509 881 766 943 πολεμίους
805 881 954 927 εἴκοσι
995 880 1076 927 καὶ

117 958 243 1016 τρεῖς
303 952 360 1001 ἐκ
424 952 737 1016 προκλήσεως
800 950 1071 1015 ἀνῃρηκώς,

119 1023 332 1087 Μάρκος
365 1023 618 1086 Σερβίλιος

100 1235 341 1301 Ἀἰμίλιον
385 1237 475 1301 μὲν
513 1237 607 1300 ἔφη
651 1236 865 1293 Παῦλον,
915 1236 1079 1299 ἡλίκος

120 1308 459 1376 αὐτοκράτωρ,
487 1308 681 1371 γένοιτο,
741 1312 826 1354 νῦν
880 1307 1077 1370 μάλιστα

122 1379 378 1444 γινώσκειν,
419 1380 551 1441 ὁρῶν
580 1380 698 1443 ὅσης
727 1378 971 1433 ἀπειθείας
1002 1378 1078 1441 γε’-

2057 274 2098 310 41

1227 379 1314 419 Liv.
1342 378 1476 423 XLV.
1506 379 1676 423 35-37,
1706 379 1756 424 22
1785 379 1849 422 39.
1878 379 2022 419 3—20.

1151 456 1343 513 [tandem
1377 458 1462 502 hoc
1494 458 1678 502 tumultu
1710 457 1866 502 sedato
1899 457 2101 502 M-Ser-
2121 468 2140 497 9

1150 529 1289 576 vilius.
1321 535 1395 584 qui
1426 529 1579 574 consul
1611 539 1654 573 et
1682 535 1888 585 magister
1909 535 2103 584 equitum

1149 599 1304 646 fuerat.
1347 610 1393 644 ut
1424 600 1481 644 de
1512 607 1685 656 integro
1716 615 1812 644 eam
1844 607 1969 645 (rem)
1997 616 2103 657 aqe-

1149 681 1244 715 rent
1295 671 1354 715 ab
1401 671 1585 715 tribunis
1634 682 1797 726 petere.
1843 670 2105 726 dicendique

1104 753 1122 781 5
1149 742 1230 785 sibi
1262 741 1319 785 ad
1351 742 1560 797 populum
1590 752 1853 797 potestatem
1876 740 2102 797 facerent]

1147 813 1309 856 tribuni
1354 828 1452 857 cum
1492 812 1551 857 ad
1592 812 1920 857 deliberandum
1962 828 2104 857 seces-
2127 822 2160 852 ¹0

1148 889 1316 930 sissent.
1354 890 1459 927 victi
1495 884 1830 928 auctoritatibus
1860 890 2104 939 principum

1148 953 1205 998 de
1235 960 1408 1010 integro
1438 970 1573 1010 agere
1602 964 1844 1009 coeperunt
1871 965 2104 999 revocatu-

1149 1040 1310 1079 rosque
1330 1040 1378 1069 se
1398 1025 1574 1070 easdem
1597 1026 1735 1070 tribus
1750 1033 2102 1081 pronuntiarunt.

1101 1108 1133 1136 ιο
1151 1101 1186 1139 si
1219 1095 1289 1139 M,
1321 1094 1530 1140 Servilius
1559 1096 1720 1152 aliique
1747 1103 1921 1152 privati,
1943 1104 2018 1153 qui
2039 1097 2104 1141 di-

1150 1182 1250 1211 cere
1271 1167 1447 1215 vellent.
1469 1167 1688 1212 dixissent.
1710 1167 1843 1212 <Tum
1859 1167 2105 1213 Servilius:>
2127 1169 2182 1213 37

1153 1247 1369 1293 ..quantus
1395 1244 1633 1294 imperator
1658 1238 1705 1283 L.
1728 1238 1941 1284 Aemilius
1961 1239 2104 1287 fuerit.

1151 1307 1355 1360 Quirites.
1393 1316 1428 1353 si
1460 1325 1512 1354 ex
1543 1309 1629 1354 alia
1660 1326 1708 1354 re
1738 1310 1867 1355 nulla·
1885 1317 2104 1355 aestimari

1151 1390 1313 1435 posset,
1347 1380 1417 1425 vel
1450 1381 1534 1425 hoc
1565 1388 1670 1425 satis
1700 1391 1808 1429 erat.
1841 1381 1975 1437 quod,
2006 1397 2104 1426 cum

112 2554 121 2563 ν
195 2546 247 2576 με
293 2531 868 2583 tandem—iacerent]

119 1467 255 1516 μονει
289 1450 371 1499 καὶ
405 1451 578 1505 κακίας
612 1448 919 1513 στρατεύματι
952 1449 1078 1514 χρώ·
1101 1464 1132 1493 ¹5
1151 1460 1239 1495 tam
1288 1451 1520 1496 seditiosos
1565 1463 1609 1496 et
1655 1452 1775 1497 leves
1816 1453 1984 1500 milites.
2016 1462 2103 1498 tam

118 1539 264 1586 μενος
304 1522 429 1570 οὕτω
472 1521 622 1576 καλὰς
663 1521 959 1583 κατώρθωσε
998 1521 1078 1568 καὶ
1151 1522 1356 1569 nobilem.
1409 1532 1497 1566 tam
1544 1530 1833 1571 temerarium.
1879 1534 1967 1568 tam
2013 1524 2106 1568 elo-

118 1593 332 1659 μεγάλας
363 1593 570 1655 πράξεις,
1151 1604 1356 1648 quentem
1387 1593 1445 1637 ad
1476 1594 1766 1649 instigandam
1789 1595 2105 1639 multitudinem

1151 1669 1367 1708 inimicum
1415 1671 1458 1709 in
1503 1672 1656 1709 castris
1702 1665 1898 1714 haberet.
1945 1666 2105 1710 nullam

1151 1742 1195 1779 in
1231 1743 1421 1780 exercitu
1453 1736 1710 1780 seditionem
1743 1736 1907 1781 habuit.
1950 1738 2104 1781 eadem
2125 1748 2143 1776 2

1097 1819 1133 1849 zo
1151 1814 1363 1852 severitas
1394 1814 1575 1862 imperii,
1609 1823 1739 1863 quam
1766 1824 1881 1852 nunc
1902 1808 2104 1856 oderunt.

176 2003 212 2036 ts
262 1992 415 2044 γένοιτο
444 1991 630 2037 Sintenis.
659 1993 811 2043 γένειτο
840 1991 886 2030 τὲ
915 2006 954 2030 ν.
1204 2001 1256 2029 3-4
1310 2002 1415 2029 eam
1443 1998 1573 2032 <reml-
1609 1989 1840 2042 agerent]
1879 1989 2106 2041 Grynaeus.

1152 2050 1396 2093 eamayetet.

1177 2155 1183 2161 ⁸
1222 2108 1241 2137 9
1295 2096 1741 2148 pronuntiarunt]
1780 2095 1932 2140 Duker.
1962 2111 2108 2137 tenun-

1153 2156 1434 2297 ῖιζὲιῖηὲΤυω
1476 2201 1783 2246 Servilius>
1819 2203 1911 2243 add.
1936 2203 2106 2244 edBas.

1210 2323 1241 2350 ιι
1295 2308 1514 2361 posset]
1558 2308 1744 2361 Madvig.
1768 2315 1912 2361 possit.

1206 2374 1378 2410 20-19.⁴2
1429 2362 1689 2406 oderunt.
1736 2370 1844 2404 tum
1885 2363 2000 2416 eos]
2043 2364 2106 2405 ed.

1154 2416 1244 2456 Bas.
1279 2416 1390 2460 1531.
1418 2416 1637 2456 oderantur
1662 2430 1747 2456 eos.

927 2530 965 2571 Α
1002 2529 1119 2571 Livio
1160 2530 1329 2572 detorta.
1371 2535 1438 2580 qui
1481 2543 1601 2569 unum
1644 2528 1709 2569 M.
1751 2527 1959 2570 Servih'um
1990 2530 2108 2571 faciat

123 2594 271 2682 mnne.
312 2594 355 2628 ut
395 2585 626 2638 suffragium
666 2585 975 2636 abrumperetur.
1018 2583 1129 2634 quod
1172 2582 1406 2623 Plutarchus
1446 2582 1631 2622 omnibus
1672 2583 1926 2623 senatoribus
1962 2583 2106 2624 tribuit.

183 2645 268 2682 utin
305 2648 438 2681 autem
478 2638 692 2680 Schwarze
734 2653 772 2690 p.
816 2638 867 2679 56
909 2652 939 2678 s.
982 2636 1189 2677 contendit
1231 2636 1483 2676 Plutarchum
1526 2642 1668 2676 tectius
1697 2636 1850 2676 tradere
1878 2636 2108 2688 suffragium

124 2692 246 2735 haiae
285 2698 559 2738 intermissum.
599 2699 749 2744 quippe
790 2691 901 2743 quod
929 2689 1207 2731 tantummodo
1239 2695 1532 2732 intercessione.
1561 2689 1878 2733 obnuntiatione.
1905 2690 1993 2730 aliis
2019 2704 2109 2742 qm-

124 2752 296 2788 vinimss
336 2746 451 2788 factis
477 2752 649 2790 eveniat.
678 2754 720 2786 ut
749 2759 810 2786 res
841 2744 893 2785 de
920 2750 1077 2795 inteqto
1104 2751 1254 2794 agatur.
1299 2741 1361 2783 Ex
1390 2748 1502 2783 initio
1529 2748 1632 2782 enim
1660 2748 1802 2793 capitis
1830 2743 1880 2783 32
1910 2742 2108 2783 Plutarchi

124 2807 236 2853 potet
261 2813 403 2841 omnes
430 2799 567 2843 tribus.
595 2806 728 2850 itaque
755 2805 872 2839 etiam
901 2802 1147 2849 principium.
1175 2796 1349 2836 donasse
1377 2795 1633 2846 triumphum:
1649 2796 1753 2836 unde
1769 2804 1878 2846 patet
1891 2796 2109 2837 secundum

124 2866 217 2896 enm
243 2866 407 2906 quoque
434 2866 515 2894 tem
542 2852 596 2893 ab
623 2859 779 2904 integro
806 2859 935 2891 actam
963 2864 1063 2891 esse.

177 2917 233 2949 74
286 2913 352 2947 καὶ
393 2904 867 2963 πολεμιους-ἀνῃρηκώς]
911 2904 949 2943 Α
987 2903 1104 2944 Livio
1132 2916 1165 2943 c.
1197 2903 1259 2945 39,
1295 2903 1340 2943 16
1370 2908 1408 2942 in
1436 2908 1628 2943 orationis
1658 2901 1822 2943 formam
1851 2902 2029 2947 redacta:
2057 2902 2107 2943 cf.

177 3023 233 3056 u
285 2974 1342 3062 revocaturosque—pronuntiarunt.]
1387 3008 1496 3049 Vide
1523 3008 1576 3049 ad
1610 3010 1720 3050 1—5.

181 3077 351 3115 iugata
401 3062 1005 3117 quantus—fecerunt]
1050 3062 1088 3102 Α
1117 3062 1235 3102 Livio
1262 3069 1479 3107 exornata:
1508 3061 1558 3102 cf.
1589 3061 1739 3103 Nissen
1768 3077 1805 3114 p.
1837 3063 1899 3103 25.
