2430 3632
331 251 371 287 18
974 254 1130 283 OLYMP.
1159 247 1239 290 153,
1267 248 1309 283 1:
1336 253 1409 284 Ri-:s
1435 252 1654 301 qRAEelAE.

437 355 524 396 Pol.
554 353 690 396 XXX,
726 355 772 393 lo
801 352 952 397 B-W.;
983 352 1063 391 Hu.
1655 350 1742 390 Liv.
1770 350 1904 395 XLV.
1934 352 1996 391 28.

326 431 454 485 ἐντὸς
490 430 686 492 Ἰσθμοῦ
724 428 803 475 καὶ
839 427 961 489 πρὸς
997 426 1106 481 τοὺς
1142 426 1277 480 ἐκτὸς
1348 440 1519 475 scatens
1560 431 1783 477 fontibus;
1827 430 2013 474 Isthmus
2043 430 2133 474 duo
2165 436 2300 474 maria

326 500 814 564 άπολαμβανομένους
850 499 1035 552 τόπους.
1073 531 1130 535 —
1349 502 1440 545 <ab>
1472 517 1631 545 occasu
1662 510 1705 545 et
1737 511 1836 545 ortu
1864 501 1967 545 solis
1993 501 2176 545 finitima
2196 507 2302 544 artis

290 589 306 615 4
325 595 424 630 said,
439 608 468 630 v.
576 570 1017 634 Ἐπισημηνάμενος
1081 569 1131 615 δὲ
1192 573 1276 615 τοῦ
1347 573 1545 617 faucibus
1586 572 1803 616 dirimens.
1845 571 2078 627 Sicyonem
2119 572 2222 616 inde
2257 581 2301 616 et
2321 581 2339 610 3

325 640 461 690 βάρος.
507 643 756 695 Σικυῶνος
786 641 872 703 τὴν
902 640 1168 704 ὀχυρότητα
1200 639 1279 686 καὶ
1351 643 1513 700 Argos,
1547 643 1716 696 nobiles
1747 643 1890 691 urbes,
1922 643 2032 691 adit;
2062 643 2163 687 inde
2184 642 2301 686 haud

325 716 376 761 τὸ
413 715 567 777 βάρος
603 720 686 776 τῆς
721 718 814 759 τῶν
835 711 1065 775 Ἀργείων
1094 711 1278 765 πόλεως
1305 725 1322 754 5
1349 731 1498 771 parem
1527 716 1685 770 opibus
1708 714 1976 770 Epidaurum
1999 715 2076 758 sed
2097 713 2302 758 inclutam

326 787 474 849 ἦλθεν
510 787 574 839 εἰς
604 785 903 845 Ἐπίδαυρον.
946 816 1004 820 ——
1349 786 1586 841 Aesculapi
1607 786 1744 830 nobili
1766 783 1944 840 templo.
1967 785 2088 840 quod
2110 791 2303 840 quinque

1351 857 1522 901 milibus
1552 873 1761 912 passuum
1787 856 1845 900 ab
1874 856 1983 900 urbe
2003 856 2167 900 distans
2187 871 2303 900 nunc
2324 856 2328 858 ’

1349 935 1544 984 vestigiis
1600 927 1873 972 revolsorum
1928 927 2159 974 donorum.
2210 935 2301 971 tum

1338 985 1477 1043 'donis
1528 999 1652 1043 dives
1699 1008 1805 1046 erat,
1853 1014 1967 1054 quae
2012 997 2300 1042 remediorum

1300 1081 1332 1109 ¹0
1349 1070 1599 1115 salutarium
1620 1076 1742 1125 aegri
1763 1069 2006 1114 mercedem
2022 1078 2304 1113 sacraverant

1350 1142 1449 1185 deo.
1497 1141 1598 1184 inde
1644 1140 2019 1184 Lacedaemonem
2065 1139 2170 1186 adit,
2211 1154 2301 1183 non
2322 1148 2339 1176 4

1351 1229 1532 1268 operum
1580 1211 1917 1267 magnificentia,
1959 1203 2036 1255 sed
2076 1209 2302 1265 disciplina

1351 1290 1642 1338 institutisque
1707 1281 2032 1326 memorabilem
2093 1280 2302 1325 <incolenn

1352 1360 1501 1402 tium>;
1534 1354 1650 1398 unde
1682 1370 1759 1409 per
1793 1353 2117 1409 Megalopolim

289 1443 304 1470 5
324 1450 423 1484 guid,
499 1462 527 1483 v.
637 1426 799 1472 Πάλαι
817 1424 1052 1488 μετέωρος
1071 1423 1139 1470 ὢν
1156 1423 1279 1485 πρὸς
1302 1437 1332 1465 ¹5

323 1496 529 1544 μετέωρΰς·
574 1497 659 1560 τὴν
716 1503 799 1560 τῆς
847 1495 1105 1558 Ὀλυμπίας
1159 1494 1279 1541 θέαν

325 1571 529 1633 ὥρμησε.
572 1602 630 1606 —

289 1656 306 1684 6
325 1663 424 1699 Suid.
459 1677 487 1698 v.
615 1638 867 1702 Πολύβιος·
899 1637 1107 1691 Λεύκιος
1139 1636 1277 1699 Αἰμί-

327 1710 484 1754 Φειδὶᾱ-ς.
540 1712 637 1765 λιος
685 1716 845 1773 παρῆν
887 1711 952 1763 εἰς
994 1709 1045 1755 τὸ
1090 1708 1279 1770 τέμενος

325 1784 375 1830 τὸ
437 1785 486 1830 ἐν
536 1782 783 1845 Ὀλυμπίᾳ,
844 1781 923 1827 καὶ
977 1780 1029 1827 τὸ
1086 1779 1276 1842 ἄγαλμα
1295 1793 1331 1822 20
1557 1786 1812 1842 Olympiam
1832 1786 2037 1830 escendit.
2061 1785 2135 1829 ubi
2157 1794 2201 1829 et
2216 1785 2301 1829 alia
2322 1795 2340 1823 5

325 1855 620 1917 θεασάμενος
667 1852 901 1915 ἐξεπλάγη
946 1851 1026 1898 καὶ
1068 1855 1280 1897 τοιοῦτον
1352 1859 1526 1915 quidem
1549 1858 1788 1914 spectanda
1810 1864 1848 1901 ei
1869 1864 1988 1901 visa:
2013 1856 2164 1901 Iovem
2181 1856 2302 1900 velut

324 1926 449 1972 Εἶπεν
486 1927 554 1972 ὅτι
590 1925 738 1987 μόνος
768 1925 895 1985 αὗῖῷ
927 1924 1064 1970 δοκεῖ
1092 1922 1277 1975 Φειδίας
1350 1939 1623 1986 praesentem
1662 1936 1833 1973 intuens
1869 1938 2012 1972 motus
2043 1933 2190 1972 animo
2221 1936 2299 1971 est.

324 1997 403 2043 τὸν
449 1996 556 2058 παρ’
598 1995 793 2058 Ὁμήρῳ
836 1994 922 2041 Δία
960 1993 1267 2057 μειίαμῆσθαί,
1346 2008 1494 2056 itaque
1530 2000 1648 2045 haud
1685 2016 1822 2047 secus,
1861 2016 1991 2055 quam
2023 2005 2058 2042 si
2089 2005 2133 2042 in
2165 1997 2300 2053 Capi-

324 2068 438 2114 ὂιότι
473 2067 685 2130 μεγάλην
715 2067 838 2130 ἔχων
868 2066 1162 2127 προσδοκίαν
1192 2069 1275 2126 τῆς
1347 2072 1455 2116 tolio
1511 2071 1809 2115 immolaturus
1865 2079 1990 2118 esset,
2043 2069 2300 2114 sacrificium

318 2139 575 2201 Ὀλυμπίας
637 2139 781 2200 μείζω
843 2143 926 2200 ῖῆς
984 2136 1276 2198 προσδοκίας
1294 2149 1330 2177 25
1347 2144 1531 2199 amplius
1552 2143 1682 2187 solito
1703 2148 1908 2198 apparari
1929 2147 2063 2185 iussit.
2092 2147 2153 2185 ita
2169 2156 2297 2196 pera-
2319 2150 2338 2178 6
2364 2150 2367 2154 ’

324 2209 541 2273 εὑρηκὼς
577 2211 647 2272 εἴη
685 2209 770 2271 τὴν
806 2208 1045 2271 ἀλήθειαν.
1088 2240 1146 2244 —
1347 2224 1473 2271 grata
1519 2213 1722 2262 Graecia,
1769 2202 1816 2257 ut
1854 2212 1958 2256 nihil
1990 2228 2154 2260 eorum,
2187 2226 2302 2267 quae

327 2298 509 2347 quisque
546 2290 691 2335 Persei
723 2290 840 2334 bello
872 2295 1076 2345 privatim
1108 2298 1182 2332 aut
1214 2287 1388 2343 publice
1417 2291 1633 2332 sensisset,
1665 2291 1914 2340 inquireret,
1947 2299 2003 2327 ne
2033 2289 2153 2327 cuius
2184 2291 2304 2326 metu

376 2449 428 2478 3·5
485 2434 1166 2486 Ἐπισημηνάμενεις-’Επίδαυρσν.]
1184 2433 1276 2473 vide
1419 2444 1436 2472 2
1489 2440 1530 2476 <a
1545 2432 1588 2476 b>
1615 2431 1707 2471 add.
1736 2431 1798 2471 ed.
1826 2430 1917 2470 Bas.
1951 2430 2062 2470 1531.

315 2490 414 2530 adn.
443 2498 570 2529 antec.
1404 2498 1487 2527 13-14
1535 2483 1931 2534 incolentium]
1970 2483 2032 2522 M.
2053 2482 2306 2524 Mueller.ac

379 2556 462 2584 15-17
506 2542 888 2593 Πάλαι-ὥρμησε]
911 2540 1277 2592 Polybiifraqmen-
1350 2540 1562 2582 silentiam,
1611 2552 1714 2588 quae
1747 2537 1897 2577 'delent
1946 2536 2008 2576 ed.
2060 2536 2151 2575 Bas.
2203 2535 2297 2575 1531

325 2606 406 2636 tum
439 2602 607 2647 agnovit
634 2604 673 2636 et
701 2596 752 2635 ad
780 2596 823 2635 L.
855 2595 1065 2635 Aemilium
1095 2593 1275 2634 Paullum
1350 2593 1523 2636 Vahlen,
1585 2599 1628 2631 ut
1681 2590 1978 2642 dittographum
2032 2588 2302 2629 antecedentis

326 2650 471 2690 rettulit
499 2649 701 2689 Valesius.
1351 2645 1664 2696 maqnificentia.

378 2715 408 2742 21
457 2703 640 2754 τοιοῦτον]
658 2709 722 2753 i.q.
740 2702 837 2741 illud
851 2701 1119 2744 memorabile,
1135 2705 1277 2739 τοο-οὑ-

327 2772 392 2794 τευ
434 2756 610 2796 Dindorf
650 2755 1027 2795 Buettner-Wobst.

378 2945 429 2973 6-9
486 2947 512 2983 q
528 2948 553 2972 u
568 2947 594 2972 o
609 2932 712 2971 d-e
728 2947 745 2971 r
759 2947 783 2971 a
798 2932 827 2983 t]
873 2932 987 2971 Haec
1020 2931 1297 2971 Lachmannus
1326 2945 1364 2980 p.
1395 2931 1446 2970 60
1474 2944 1498 2969 a
1526 2917 1643 2969 Livio
1671 2935 1760 2979 ipso
1788 2928 1923 2968 addita
1947 2934 2078 2978 putat;
2093 2926 2164 2966 sed
2179 2931 2302 2976 scrip-

326 2994 450 3026 torem
479 2986 659 3025 Latinum
676 2999 723 3024 ea
738 2985 828 3025 loca
843 2993 922 3024 tam
937 2985 1063 3035 probe
1079 2998 1199 3024 nosse
1213 2983 1393 3023 Nisseno
1409 2991 1518 3022 recto
1533 2982 1680 3022 iudicio
1695 2996 1771 3021 uso
1785 2995 1921 3031 parum
1938 2979 2145 3030 probabile
2159 2985 2300 3019 visum.

379 3051 465 3078 20-22
522 3038 562 3078 O
579 3039 590 3077 l
605 3054 633 3088 y
648 3053 685 3077 m
701 3054 727 3089 p
743 3044 754 3077 i
768 3053 792 3078 a
807 3052 921 3077 m-e
937 3052 955 3077 s
970 3038 1001 3088 t]
1059 3037 1124 3077 De
1153 3036 1352 3077 Plutarchi
1380 3036 1494 3076 Aem.
1525 3036 1636 3075 Paul.
1665 3049 1699 3074 c.
1730 3036 1780 3074 28
1808 3034 1900 3074 vide
1928 3048 2020 3084 app.
2050 3033 2106 3073 V.
