2430 3632
858 242 895 272 B.
944 241 1127 272 ιεοΑτιο
1153 240 1414 272 momontum.
2089 232 2132 270 13

158 348 163 354 ’
286 343 375 387 Pol.
404 342 543 387 XXX.
570 341 676 383 4-5
705 339 859 386 B-W.;
887 339 969 381 Hu.
1402 338 1489 380 Liv.
1518 337 1652 383 XLV.
1681 338 1745 382 25.
1774 338 1917 380 5-13.

147 420 450 487 φιλοτιμίαις,
475 417 762 481 βουλόμενα
806 413 979 479 ταύτης
1019 420 1104 478 τῆς
1175 418 1422 466 videbatur.

147 497 287 557 τιμῆς
337 494 492 554 τυχεῖν
543 487 676 550 παρὰ
726 486 992 549 Ῥωμαίων,
1045 485 1105 532 οὐ
1314 489 1316 491 ’
2039 503 2130 533 non

148 561 532 625 mydpevoc
554 559 827 622 συμμαχίας
849 556 954 604 οὐδ’
981 557 1104 619 ἀγω-
1176 577 1292 617 quae
1328 568 1512 606 tutiores
1548 576 1627 605 eos
1661 560 1721 605 ab
1750 560 1847 605 aliis
1876 559 2042 605 faceret
2077 584 2127 596 —

147 638 336 689 κῶπας
370 631 533 686 ἁπλῶς
568 629 740 678 οὐδένα
777 628 897 676 κατὰ
934 628 987 675 τὸ
1016 645 1103 675 πα-
1175 648 1255 677 nec
1287 639 1401 677 enim
1433 632 1645 677 timebant
1671 647 1935 688 quemquam
1956 640 2132 687 praeter

148 705 240 771 ρὸν
301 703 428 768 πλὴν
492 702 650 749 αὐτῶν
708 705 802 748 τῶν
849 699 1100 762 Ῥωμαίων,
1131 713 1150 742 5
1178 703 1404 748 Romanos
1437 729 1505 751 -.

97 775 268 826 mim
301 774 588 840 βουλόμενα
624 771 743 820 κατὰ
780 770 866 835 τὴν
900 770 1105 832 ὑπέρθε-

147 865 224 897 σιν
267 852 354 911 τῆς
399 844 627 908 ἐπιβολῆς
673 841 978 907 ἀφαιρεῖσθαι
1024 840 1107 896 τὰς
1907 845 1986 891 sed
2016 860 2132 902 quae

148 918 379 973 ὑπονοίας
406 921 500 964 τῶν
522 914 748 979 δυσχερές
770 931 810 960 τι
834 912 1107 975 ὄιανοουμέ-
1179 924 1283 973 ipsis
1315 916 1525 962 Romanis
1556 923 1697 962 minus
1727 927 1966 972 suspectos.

99 1006 131 1036 ιι
148 1007 248 1039 νων
280 989 388 1052 περὶ
423 993 509 1052 τῆς
541 986 737 1040 πόλεως.
791 986 895 1046 ἄρτι
932 983 984 1031 δὲ
1014 988 1108 1031 τῶν
1902 989 1985 1033 sub
2015 987 2128 1033 idem
2156 999 2183 1026 ιι

149 1061 258 1125 περὶ
296 1060 381 1108 τὸν
424 1058 686 1122 Θεαίὸητον
715 1047 1105 1103 ’καταπεπλευκό-
1126 1069 1160 1098 ιο
1177 1060 1269 1105 fere
1310 1070 1482 1115 tempus
1521 1069 1566 1104 et
1607 1058 1765 1104 Caunii
1806 1059 2034 1104 doecivere
2072 1059 2132 1104 ab

149 1150 256 1190 των,
313 1130 583 1194 ἀπέστησαν
635 1126 850 1183 Καύνιοι,
909 1126 1103 1173 κατελά-
1177 1138 1240 1179 iis,
1273 1141 1317 1176 et
1350 1130 1653 1186 Mylassenses
1685 1128 2018 1175 Euromensium
2047 1146 2131 1185 op-

37 1258 43 1273 3
148 1204 297 1269 βοπο
350 1202 403 1251 δὲ
457 1201 538 1248 καὶ
592 1199 866 1253 Μυλασσεΐς
918 1197 1002 1252 τὰς
1054 1197 1106 1244 ἐν
1178 1202 1281 1259 pida
1311 1212 1596 1257 occuparunt.
1629 1201 1740 1256 (non
1762 1205 1822 1246 ita
1843 1201 1973 1259 fracti
1991 1205 2130 1246 animi
2151 1211 2184 1240 ¹²

99 1290 135 1321 12
151 1274 379 1338 Εὖρώμῳ
407 1272 577 1327 πόλεις.
619 1270 739 1318 κατὰ
771 1270 823 1317 δὲ
854 1269 936 1316 τὸν
964 1268 1109 1315 αὐτὸν
1179 1278 1365 1319 civitatis
1409 1283 1549 1321 etant.
1598 1283 1647 1318 ut
1690 1289 1780 1317 non
1826 1277 2052 1320 sentirent.
2094 1277 2135 1318 si

150 1345 322 1410 καιρὸν
355 1345 389 1409 ἡ
424 1342 691 1407 σύγκλητος
723 1340 917 1404 ἐξέβαλε
946 1340 1105 1403 δόγμα
1178 1345 1313 1403 Lycia
1343 1353 1390 1389 et
1416 1342 1553 1389 Caria
1580 1344 1816 1401 ademptae
1835 1345 1895 1389 ab
1915 1342 2133 1394 Romanis

150 1418 268 1468 διότι
302 1417 379 1464 δεῖ
407 1415 580 1477 Κᾶρας
615 1413 695 1460 καὶ
732 1412 949 1466 Λυκίους
977 1411 1105 1458 ἐλευ-
1126 1425 1160 1454 15
1176 1416 1336 1474 forent.
1372 1425 1516 1460 cetera
1552 1425 1632 1460 aut
1664 1431 1714 1460 se
1749 1419 1845 1472 ipsa
1875 1431 1956 1472 pet
1984 1415 2132 1472 defec-

151 1489 332 1552 θέρους
371 1487 487 1535 εἶναι
521 1485 712 1540 πάντας,
753 1484 899 1538 ὅσους
933 1482 1106 1544 προσέ·
1178 1492 1341 1532 tionem
1379 1487 1616 1532 Hberarent
1648 1495 1728 1531 aut
1755 1503 1783 1531 a
1814 1486 2026 1543 finittmis
2055 1502 2131 1531 c:-

150 1576 279 1625 νειμε
311 1558 504 1613 Ῥοδίοις
538 1556 654 1620 μετὰ
690 1555 772 1603 τὸν
801 1554 1107 1618 Ἀντιοχικὸν
1177 1568 1454 1616 cupatentut,
1492 1558 1657 1603 includi
1690 1574 1740 1603 se
1770 1558 1941 1603 insulae
1968 1573 2134 1614 parvae

101 1631 374 1695 Βπόλεμον.
433 1628 490 1676 τὰ
543 1628 631 1691 μὲν
685 1626 773 1674 σῦν
826 1625 946 1673 κατὰ
1001 1623 1111 1679 τοὺς
1181 1641 1227 1677 et
1260 1631 1416 1675 sterilis
1446 1634 1545 1687 a9ti
1574 1630 1785 1677 litoribus.
1816 1645 1934 1686 quae
1964 1645 2133 1686 nequa-

151 1702 396 1757 Καυνίους
442 1700 522 1748 καὶ
571 1698 682 1753 τοὺς
731 1698 982 1760 Εὕρωμεῖς
1028 1713 1107 1743 τα-
1179 1719 1314 1761 quam
1371 1702 1489 1746 alere
1545 1710 1696 1745 tantae
1753 1701 1873 1745 urbis
1921 1700 2132 1757 populum

102 1789 136 1819 u
152 1774 276 1840 χέως
315 1773 366 1820 οἱ
391 1771 556 1820 Ῥόδιοι
592 1768 944 1831 διωρθώσαντο·
999 1765 1110 1821 τοὺς
1127 1780 1163 1809 2⁰
1179 1773 1365 1831 posset.)

152 1845 242 1910 μὲν
276 1843 406 1908 <yde->⁸
443 1843 686 1896 Καυνίους
728 1839 941 1887 Λύκωνα
990 1838 1107 1901 πέμ-
1323 1851 1451 1888 missa
1499 1850 1629 1899 igitur
1676 1850 1903 1887 iuventute
1944 1858 2134 1898 propere
2157 1852 2190 1882 ¹³

154 1932 330 1982 ψαπες
381 1914 497 1977 μετὰ
551 1916 846 1975 στρατιωτῶν
895 1910 1107 1974 ἠνάγκα-
1179 1927 1223 1961 et
1265 1914 1475 1962 Caunios.
1518 1930 1783 1970 quamquam
1821 1912 2133 1969 Cibyratarum

150 2005 243 2036 σαν
293 1986 434 2035 πάλιν
487 1984 563 2049 ὕφ’
620 1981 795 2038 αὖτοὺς
847 1981 1104 2036 τάττεσθαι,
1180 1994 1428 2032 asciverant
1469 1986 1640 2032 auxilia.
1678 1995 1919 2041 coegerunt
1950 1991 2134 2041 imperio

152 2059 323 2120 καίπερ
353 2057 643 2120 Κιβυρατῶν
672 2054 832 2109 αὐτοῖς
854 2052 1108 2115 παραβοη-
1182 2074 1365 2114 parere:

102 2146 136 2177 ¹⁵
153 2130 417 2196 Qudnam,
464 2127 538 2175 &ni
581 2126 634 2174 δὲ
676 2125 759 2181 τὰς
793 2125 845 2172 ἔτ’
881 2123 1109 2186 Εὗρώμῳ
1126 2136 1162 2165 ²⁵
1512 2138 1557 2172 et
1604 2126 1896 2182 Mylassensis
1935 2126 2134 2172 Alaban-

222 2257 242 2287 τ
294 2242 486 2294 ἐπιβολῆς
538 2240 823 2284 Casaubonus.
877 2237 1102 2287 ἐπιβουλῆς.
1235 2247 1263 2275 ιι
1308 2233 1358 2274 Μ
1402 2233 1665 2273 lassenses
1710 2243 1746 2272 z
1782 2231 2134 2284 Mylassensis]

222 2310 244 2341 a
293 2299 470 2343 ὑπονοίας
530 2294 702 2336 Ursinus
764 2292 917 2334 collato
980 2291 1110 2334 Livio,
1183 2295 1236 2329 ita
1264 2287 1320 2327 V.
1421 2286 1535 2337 plicis
1562 2300 1582 2325 s
1611 2292 1650 2326 in
1678 2285 1752 2325 hac
1782 2284 1878 2325 urbe
1906 2287 1962 2335 (ut
1983 2292 2137 2326 variant

154 2351 330 2399 ἐπινοίας.
1183 2341 1468 2382 Halicarnasus
1481 2347 1520 2379 et
1535 2341 1710 2389 massus)
1720 2345 1945 2379 testimonia
1954 2352 2005 2379 ex
2014 2339 2136 2379 titulis

208 2416 244 2447 ιο
295 2402 524 2455 Θιαέδητσν]
551 2402 645 2442 vide
673 2415 712 2453 p.
747 2401 806 2444 12.
840 2401 872 2439 1.
1181 2403 1220 2436 et
1249 2394 1356 2435 libris
1383 2392 1463 2433 coll
1520 2398 1545 2431 it
1574 2392 1697 2432 Hertz
1725 2392 1777 2432 ad
1802 2390 1907 2432 GeII.
1934 2394 1966 2434 1.
1992 2393 2051 2434 13.
2076 2394 2135 2435 11.

208 2470 243 2501 12
296 2460 526 2503 Μυλασσείς
546 2455 730 2498 Ursinus.
754 2455 993 2497 Μυλαστεῐς.
1015 2450 1108 2491 vide
1180 2448 1325 2500 quibus
1351 2446 1463 2487 addit
1554 2444 1991 2486 eissenborn-Heraeus
2010 2444 2134 2486 Inscr.

154 2519 276 2556 mm,
1184 2500 1257 2541 Gr.
1274 2501 1330 2540 ad
1344 2514 1408 2540 res
1424 2498 1539 2544 Rom.
1555 2507 1655 2550 pert.
1674 2497 1744 2540 III.
1762 2499 1839 2538 384
1856 2500 2135 2542 Μουλασσεων.

206 2577 239 2608 21
295 2565 379 2616 γὰρ
405 2562 498 2605 add.
526 2560 894 2613 Schweighaeuser.
1182 2569 1323 2606 papyr.
1366 2552 1623 2604 Wirceburq.
1662 2551 1835 2592 Hermae
1862 2551 1946 2592 vol.
1975 2551 2066 2592 XLI
2095 2567 2134 2603 p.

297 2618 464 2660 Λύκωνα
507 2617 734 2669 πέμψαντες
767 2612 953 2656 Hultsch.
983 2612 1109 2650 λύκων
1187 2609 1258 2648 107
1284 2608 1518 2648 Μέλισσα,
1540 2605 1739 2646 Herodoti
1761 2605 1796 2648 5,
1817 2605 1861 2645 21
1885 2606 2135 2654 Μυλασσεύς,

152 2673 419 2726 &vinitam-sq.
1183 2661 1402 2702 Ptolemaei
1431 2660 1467 2703 5.
1497 2660 1533 2702 2,
1564 2660 1615 2699 20
1645 2660 1847 2698 >isaaco-az
1872 2658 1922 2699 al.
1940 2658 2136 2700 Monetae

1183 2714 1290 2755 urbis
1317 2726 1413 2754 sane
1441 2712 1656 2764 simplicem
1684 2726 1715 2751 s.
1746 2711 1949 2763 praebent.

209 2842 296 2873 iam
346 2843 457 2871 uon
497 2833 846 2879 ita—posset.
922 2822 1109 2864 Fortasse
1136 2834 1186 2861 ex
1216 2819 1403 2871 Polybio.
1432 2824 1525 2869 quia
1552 2832 1577 2858 a
1606 2824 1789 2869 peritiore
1816 2826 1992 2861 auctore.
2017 2832 2135 2869 quam

155 2884 292 2927 uvius
318 2891 391 2927 αἱ.
419 2891 575 2923 narrata
602 2879 798 2922 videntur.
901 2883 1053 2917 issenus
1080 2874 1238 2925 quidem
1267 2875 1320 2924 (p.
1351 2873 1442 2922 276)
1470 2872 1568 2912 haec
1596 2885 1620 2912 a
1636 2871 1753 2912 Livio
1767 2878 1994 2923 excogitata
2009 2880 2134 2922 putat.

155 2945 199 2982 ut
224 2944 455 2979 contextum
483 2941 702 2976 restitueret
729 2945 805 2984 pro
831 2938 992 2971 senatus
1019 2927 1207 2969 consulto
1235 2933 1310 2966 iam
1339 2939 1458 2976 supra
1486 2939 1534 2965 ex
1550 2925 1749 2965 annalium
1764 2931 1956 2975 scriptore
1972 2924 2136 2966 laudato

154 2990 220 3046 (cf.
248 3004 288 3043 p.
321 2991 362 3030 11
410 2990 488 3030 hoc
515 2994 704 3030 inserens.
732 2985 803 3026 sed
830 2990 926 3025 satis
954 2982 1091 3023 luisset
1119 2989 1280 3021 senatus
1306 2978 1531 3020 consultum
1560 2978 1623 3018 hic
1651 2984 1842 3019 omittere.

208 3043 275 3086 De
303 3042 365 3085 Po
380 3042 480 3094 ybio
507 3039 645 3083 XXX.
673 3039 779 3080 6-9
807 3036 964 3081 B-w.:
994 3035 1074 3075 Ηιι.
1104 3033 1196 3074 vide
1223 3047 1317 3084 app.
1348 3032 1407 3072 111.
