2430 3632
512 279 560 323 96
841 335 848 340 “
1261 335 1264 337 ¹
1301 294 1573 324 APPEchss.

512 405 569 448 ad
616 405 806 460 linguam
853 404 1070 449 Graecam
1113 405 1436 453 transformata,
1475 415 1743 449 mutuantem
1775 405 2023 460 (Schwarze
2053 421 2094 462 p.
2129 406 2228 463 73)>;
2261 418 2350 452 tum

511 476 637 519 abest
683 483 897 519 sententia
943 476 999 520 de
1030 477 1277 520 hominibus
1310 476 1404 530 plus
1435 492 1580 531 aequo
1613 483 1748 520 vitam
1778 472 2038 524 amantibus,
2072 493 2186 532 quae
2218 474 2350 534 Poly-v

514 548 630 590 bium
677 553 790 602 sapit
831 544 949 601 (vide
980 564 1020 602 p.
1056 549 1125 594 47.
1165 546 1253 600 15);
1286 546 1445 590 deinde
1475 563 1531 591 ne
1564 548 1746 591 verbum
1779 548 1953 603 quidem
1987 547 2223 593 Plutarcho
2253 565 2349 594 cum

514 617 718 661 Diodoro
764 634 996 662 commune
1042 627 1133 664 est;
1182 627 1406 672 postremo
1453 634 1618 665 eorum,
1666 634 1780 674 quae
1820 619 1950 662 habet
1984 619 2210 664 Diodorus
2239 635 2276 664 c.
2308 621 2349 668 9,

513 690 628 732 2—3
675 689 779 732 nihil
826 699 890 732 est
935 689 1054 744 apud
1101 688 1394 736 Plutarchum,
1442 699 1596 749 contra
1641 688 1897 733 Plutarchus
1929 691 2065 734 multo
2096 690 2231 748 fusius
2260 698 2351 748 aqit

513 761 569 804 de
604 760 693 804 fine
731 760 890 804 Persei.
949 759 1087 808 Quod
1119 770 1264 803 autem
1296 766 1451 804 attinet
1481 760 1538 803 ad
1571 770 1763 804 extrema
1794 759 2014 805 Plutarchi
2045 760 2235 815 (13-17
2266 761 2351 801 ἔτι·

514 820 1051 886 λεύτησε-Ξξεταζόμενον),
1086 831 1189 874 nihil
1223 831 1445 878 habemus,
1478 847 1554 874 cur
1586 832 1695 874 haec
1727 830 1917 886 Polybio
1948 832 2247 876 attribuamus.

692 991 853 1035 Diod.
902 990 1069 1037 XXXI,
1122 992 1186 1033 10.
1258 985 1357 1032 Ὅτι
1412 985 1722 1049 ἀκμαζούσης
1776 992 1859 1049 τῆς
1912 992 2004 1033 τῶν
2051 987 2352 1035 Μακεδόνων

514 1032 630 1076 ΧΙΧ·
689 1058 926 1120 βασιλείας
980 1056 1252 1120 Δημήτριος
1307 1058 1334 1103 ὁ
1389 1056 1635 1120 Φαληρεὺς
1683 1058 1733 1103 ἐν
1781 1067 1845 1120 τῷ
1893 1058 1999 1119 περὶ
2047 1057 2193 1122 τύχης
2234 1059 2350 1106 ὑπο-

512 1131 717 1192 μνήματι
785 1129 1007 1190 καθάπερ
1075 1128 1378 1191 χρησμῳδῶν
1443 1128 1562 1189 ὑπὲρ
1630 1134 1722 1175 τῶν
1789 1129 1907 1191 αὐτῇ
1974 1130 2352 1192 συμβησομένων

513 1201 749 1264 εὐστόχως
808 1199 1003 1254 τούτους
1063 1198 1173 1253 τοὺς
1227 1199 1402 1261 λόγους
1456 1200 1856 1261 ἀποπεφοίβακεν·
1922 1202 1993 1256 ,,εἰ
2025 1200 2133 1262 γὰρ
2187 1201 2378 1263 λάβοις

513 1273 608 1334 πρὸ
664 1279 747 1334 τῆς
801 1272 982 1325 ἐννοίας
1036 1271 1104 1333 μὴ
1154 1271 1331 1334 χρόνον
1374 1271 1569 1331 ἄπειρον
1610 1271 1732 1333 μηδὲ
1784 1270 1945 1333 γενεὰς
1992 1271 2180 1327 πολλάς,
2234 1268 2350 1319 ἀλλὰ
2369 1291 2386 1318 5

512 1343 800 1406 πεντήκοντα
854 1342 1004 1404 μόνον
1051 1342 1131 1405 ἔτη
1180 1341 1307 1388 ταυτὶ
1355 1341 1410 1388 τὰ
1459 1341 1554 1403 πρὸ
1593 1343 1741 1404 ἡμῶν,
1785 1343 1947 1405 γνοίης
1983 1343 2042 1389 ἂν
2078 1343 2144 1397 ὡς
2179 1343 2231 1389 τὸ
2267 1349 2350 1406 τῆς

510 1414 654 1479 τύχης
714 1414 920 1477 χαλεπὸν
976 1413 1195 1460 ἐνταῦθα·
1261 1421 1562 1475 πεντηκοστῷ
1619 1412 1710 1475 γὰρ
1765 1413 1852 1459 ἔτει
1905 1413 2138 1476 πρότερον
2195 1414 2344 1462 οἴεσθ’

513 1489 571 1533 ἂν
608 1487 639 1549 ἢ
677 1486 872 1547 Πέρσας
909 1486 940 1547 ἢ
977 1484 1171 1547 βασιλέα
1209 1489 1301 1530 τῶν
1337 1484 1544 1545 Περσῶν
1582 1485 1613 1546 ἢ
1650 1484 1942 1538 Μακεδόνας
1972 1485 2003 1547 ἢ
2034 1484 2227 1547 βασιλέα
2258 1490 2376 1532 τῶν·

514 1557 826 1612 Μακεδόνων,
868 1558 914 1602 εἴ
943 1573 1008 1610 τις
1044 1556 1174 1602 θεῶν
1211 1556 1368 1609 αὐτοῖς
1404 1553 1639 1617 προύλεγε
1675 1555 1727 1601 τὸ
1764 1555 1946 1617 μέλλον,
1982 1557 2221 1602 πιστεῦσαί
2247 1556 2346 1604 ποτ’

514 1631 571 1675 ἂν
614 1629 680 1682 ὡς
722 1629 786 1681 εἰς
828 1632 994 1674 τοῦτον
1029 1627 1110 1673 τὸν
1146 1626 1315 1688 καιρὸν
1350 1627 1558 1687 Περσῶν
1594 1626 1680 1689 μὲν
1718 1626 1821 1673 οὐδ’
1861 1628 2014 1689 ὄνομα
2051 1627 2350 1690 λειφθήσεται
2374 1650 2404 1677 10

513 1700 564 1746 τὸ
602 1699 840 1761 παράπαν,
884 1700 930 1744 οἳ
957 1698 1114 1761 πάσης
1144 1697 1315 1761 σχεδὸν
1345 1703 1428 1759 τῆς
1459 1698 1743 1760 οἰκουμένης
1772 1697 2041 1754 ἑδέσποζον,
2072 1698 2352 1753 Μακεδόνες

514 1771 565 1818 δὲ
609 1771 687 1817 καὶ
724 1770 880 1833 πάσης
917 1770 1244 1832 κρατήσουσιν,
1288 1768 1355 1815 ὧν
1392 1768 1494 1815 οὐδ’
1535 1770 1687 1831 ὄνομα
1724 1769 1958 1830 πρότερον
1994 1769 2054 1831 ἦν
2091 1769 2350 1832 γνώριμον;

514 1842 607 1888 ἀλλ’
666 1843 797 1904 ὅμως
852 1842 882 1903 ἡ
937 1841 1059 1903 πρὸς
1112 1841 1193 1887 τὸν
1247 1840 1354 1902 βίον
1403 1841 1540 1902 ἡμῶν
1582 1840 1750 1902 ἀλογία
1787 1846 1870 1903 τῆς
1905 1839 2051 1903 τύχης
2086 1840 2165 1887 καὶ
2200 1840 2350 1887 πάντα

515 1913 644 1974 παρὰ
706 1913 785 1958 τὸν
846 1912 1073 1975 λογισμὸν
1126 1911 1207 1958 τὸν
1261 1911 1490 1973 ἡμέτερον
1543 1915 1881 1958 καινοποιοῦσα
1937 1911 2016 1958 καὶ
2070 1911 2155 1974 τὴν
2207 1911 2352 1974 αὐτῆς

516 1984 713 2046 δύναμιν
749 1985 799 2030 ἐν
835 1990 930 2037 τοῖς
966 1983 1175 2037 ἐνδόξοις
1210 1982 1539 2045 ἐνδεικνυμένη
1577 1982 1656 2028 καὶ
1687 1987 1782 2038 νῦν,
1819 1983 1885 2036 ὡς
1915 1983 2092 2044 ὁμοίως
2121 1983 2350 2030 ἐνδείκνυ·
2373 2005 2405 2033 15

516 2073 598 2111 ται,
658 2055 949 2108 Μακεδόνας
1002 2072 1067 2108 εις
1120 2054 1205 2116 τὴν
1259 2053 1467 2115 Περσῶν
1515 2054 1774 2115 ἡγεμονίαν
1820 2054 2086 2100 ἑνοικίσασα
2123 2054 2237 2100 διότι
2272 2053 2351 2100 καὶ

516 2126 694 2179 τούτοις
733 2144 763 2188 η
801 2125 919 2189 τύχη
957 2125 1147 2188 τάγαθὰ
1185 2124 1430 2188 κέχρηκεν,
1473 2125 1562 2178 ἕως
1599 2125 1657 2170 ἂν
1694 2124 1808 2171 ἄλλο
1838 2142 1877 2170 τι
1906 2123 2218 2188 βουλεύσηται
2246 2125 2351 2187 περὶ

517 2199 681 2244 αὐτῶν.
688 2197 714 2211 ’
768 2199 794 2243 ὃ
844 2197 1020 2259 συνέβη
1071 2196 1189 2243 κατὰ
1239 2213 1349 2249 τους
1396 2200 1480 2241 νῦν
1529 2196 1733 2258 χρόνους
1769 2195 2140 2259 συντελεσθῆναι.
2188 2196 2350 2257 διόπερ

516 2269 594 2315 καὶ
649 2269 782 2330 ἡμεῖς
835 2269 1084 2330 ἐκρίναμεν
1137 2273 1192 2329 τῇ
1248 2265 1506 2328 περιστάσει
1564 2265 1716 2330 ταύτη
1761 2266 1864 2316 τὸν
1890 2267 2158 2329 ἁρμόζοντα
2206 2267 2352 2329 λόγον

516 2340 896 2401 ἐπιφθέγξασθαι
957 2340 1035 2385 καὶ
1097 2345 1179 2401 τῆς
1240 2338 1526 2400 ἀποφάσεως
1586 2344 1668 2400 τῆς
1728 2337 2003 2401 Δημητρίου
2063 2338 2346 2401 μνησθῆναι,
2370 2361 2405 2388 20

516 2412 731 2472 μείζονος
781 2411 927 2472 οὔσης
976 2412 1017 2472 ἢ
1057 2410 1152 2456 κατ’
1206 2409 1478 2470 ἄνθρωπον·
1527 2415 1723 2470 προεῖπε
1773 2409 1864 2471 γὰρ
1914 2409 2082 2456 ἑκατὸν
2130 2409 2208 2456 καὶ
2243 2425 2350 2455 πεν-

517 2482 717 2544 τήκοντα
773 2482 888 2527 ἔτεσι
942 2481 1048 2542 περὶ
1103 2486 1196 2527 τῶν
1250 2481 1445 2541 ὕστερον
1499 2479 1887 2542 συμβησομένων.
1951 2483 2071 2538 (Exc.
2106 2483 2218 2528 Mai.
2251 2485 2350 2529 300.

518 2556 774 2599 Boissevain
808 2573 848 2610 p.
883 2556 996 2610 373).

579 2686 679 2729 Hoc
726 2687 1028 2741 fragmentum.
1077 2686 1210 2741 quod,
1259 2692 1412 2729 seriem
1445 2695 1746 2739 excerptorum
1781 2685 2065 2729 Maianorum
2099 2685 2286 2730 Diodori
2317 2693 2351 2729 si

518 2767 700 2811 spectas,
735 2774 785 2800 ex
820 2757 992 2811 Polybii
1022 2757 1134 2800 libro
1167 2757 1282 2799 XXX
1316 2757 1589 2811 desumptum
1623 2757 1760 2799 videri
1794 2763 1943 2811 possit,
1976 2773 2072 2800 cum
2105 2763 2147 2800 in
2169 2773 2222 2801 ea
2242 2763 2353 2801 serie

518 2835 763 2871 inveniatur
810 2838 909 2883 post
941 2845 982 2871 n.
1017 2829 1115 2875 359,
1153 2827 1409 2871 Boissevain
1442 2844 1482 2881 p.
1517 2828 1602 2870 372
1634 2843 1770 2882 agens
1801 2827 1856 2870 de
1888 2828 1980 2871 fato
2014 2827 2160 2872 Persei
2190 2826 2351 2871 Albam

518 2906 560 2941 in
607 2906 905 2952 captivitatem
951 2899 1128 2942 abducti
1176 2898 1293 2952 (vide
1339 2915 1380 2953 p.
1430 2899 1485 2941 47
1528 2898 1612 2952 ss).
1646 2908 1790 2942 tamen
1823 2914 1875 2941 ex
1907 2899 1980 2942 illo
2012 2899 2124 2942 libro
2155 2915 2353 2942 manasse

519 2977 679 3024 nequit.
731 2970 848 3012 Idem
882 2977 994 3012 enim
1026 2970 1118 3013 fere
1150 2979 1214 3013 est
1245 2986 1297 3013 ac
1331 2969 1504 3023 Polybii
1538 2968 1802 3023 Excerptum
1837 2969 2066 3013 Maianum
2105 2971 2198 3017 125.
2226 2968 2351 3013 Bois-

519 3047 668 3083 sevain
702 3057 741 3094 p.
782 3042 874 3087 194,
909 3041 1040 3094 quod.
1074 3047 1279 3095 quoniam
1312 3039 1531 3083 antecedit
1560 3039 1778 3094 Excerpta
1806 3041 1899 3087 126,
1928 3042 2021 3087 127,
2051 3041 2144 3088 128,
2167 3055 2351 3095 quorum
