2430 3632
429 238 475 273 92
1219 244 1488 275 APPENDICES.

429 365 497 399 est
542 357 762 412 Ie9esque‚
811 358 972 412 quibus
1017 355 1166 400 adhuc
1207 361 1351 404 utitur,
1398 374 1425 400 a
1472 356 1616 400 Paulo
1646 357 1843 414 accepia]
1903 357 2183 415 Quamquam
2216 377 2269 405 ex

429 427 493 470 his
550 436 782 481 tantopere
837 433 1072 470 contractis
1128 427 1232 470 nihil
1289 444 1370 481 pro
1421 438 1544 471 certo
1596 428 1773 473 efficere
1818 446 2060 484 possumus.
2108 441 2267 479 tamen.

428 514 524 541 curn
571 504 701 541 etiam
733 504 959 553 sequentia
992 497 1108 552 (vide
1139 514 1241 553 app.
1274 498 1333 553 X)
1364 515 1416 542 ex
1449 499 1639 554 Polybio
1672 516 1871 544 manasse
1901 518 1990 545 non
2022 502 2267 551 videantur.

419 569 536 617 ,haec
568 585 746 624 quoque
779 568 969 623 Polybio
1002 569 1282 613 attribuenda
1314 585 1403 613 non
1436 580 1547 613 sunt.

568 716 751 760 Strab.
789 716 879 759 VII
913 716 1107 772 fragm.
1141 717 1210 760 48.
1286 713 1482 767 Παῦλος
1518 713 1604 775 μὲν
1642 713 1727 761 οὗν
1762 716 1789 761 ὁ
1821 715 1902 762 τὸν
1932 716 2123 778 Περσέα
2149 717 2269 764 ἑλὼν

428 757 497 801 'X'
568 784 788 847 συνάψας
829 789 886 846 τῇ
930 784 1210 845 Μακεδονίᾳ
1254 784 1332 830 καὶ
1375 783 1429 830 τὰ
1461 784 1776 846 Ἡπειρωτικὰ
1818 787 1938 850 ἔθνη
1976 789 2040 841 εἰς
2076 788 2267 850 τέτταρα

426 855 548 918 μέρη
599 854 775 909 διέταξε
823 854 908 917 τὴν
956 855 1130 918 χώραν,
1185 854 1262 900 καὶ
1313 855 1365 901 τὸ
1407 855 1495 917 μὲν
1536 856 1840 919 προσένειμεν
1877 858 2166 920 Ἀμφιπόλει,
2213 859 2267 906 τὸ

426 926 477 972 δὲ
520 925 893 988 Θεσσαλονικείᾳ,
938 927 987 972 τὸ
1026 926 1077 972 δὲ
1114 926 1292 988 Πέλλῃ,
1334 926 1386 972 τὸ
1425 926 1476 972 δὲ
1513 927 1769 990 Πελαγόσι.

486 1066 596 1111 Cum
632 1083 712 1110 nec
746 1066 894 1110 Livius
925 1067 976 1121 (c.
1010 1063 1079 1113 26,
1119 1066 1186 1120 15)
1217 1073 1259 1109 in
1294 1066 1451 1121 Illyrici
1483 1083 1563 1111 nec
1597 1067 1823 1112 Diodorus
1854 1069 1905 1123 (c.
1930 1070 1969 1117 8,
1994 1069 2036 1123 7)
2058 1069 2267 1115 Liviusve

425 1138 475 1193 (c.
514 1139 583 1186 29,
618 1137 749 1193 5—9)
781 1145 823 1181 in
858 1137 1157 1182 Macedoniae
1187 1138 1403 1182 divisione
1436 1138 1651 1193 Illyricum
1688 1139 1985 1184 Macedoniae
2014 1141 2264 1186 adiunctum

425 1210 555 1253 fuisse
586 1209 859 1264 perhibeant,
891 1224 1078 1264 cumque
1109 1218 1337 1263 praeterea
1369 1210 1487 1264 apud
1519 1226 1596 1253 eos
1618 1210 1717 1254 illae
1738 1220 1947 1266 quattuor
1969 1211 2099 1257 urbes
2119 1220 2266 1268 capita

424 1287 651 1336 regionum
698 1287 989 1327 nominentur,
1037 1289 1190 1324 contra
1237 1281 1354 1335 apud
1402 1280 1664 1324 Strabonem
1697 1288 1899 1337 regiones
1930 1283 2111 1328 urbibus
2141 1292 2264 1328 attri-

423 1352 556 1396 butae
602 1359 699 1399 sint,
749 1351 1077 1406 Pelagoniaque
1122 1352 1226 1395 urbs
1271 1358 1314 1394 in
1361 1363 1535 1406 gentem
1570 1351 1839 1408 Pelagonum
1871 1354 2040 1402 abierit,
2073 1356 2181 1400 haec
2212 1372 2265 1400 ex

424 1422 614 1478 Polybio
646 1423 802 1467 hausta
833 1438 928 1466 esse
958 1422 1191 1466 verisimile
1221 1438 1310 1466 non
1343 1432 1421 1466 est.

547 1560 678 1616 Just.
723 1558 936 1606 XXXIII,
970 1560 1009 1605 2.
1043 1559 1083 1602 8.
1146 1558 1409 1603 Aetolorum
1443 1564 1742 1604 universarum
1776 1561 1946 1605 urbium
1967 1572 2149 1607 senatus
2165 1579 2262 1608 cum

422 1608 484 1653 X'
546 1631 809 1688 coniuyibus
827 1639 872 1674 et
892 1630 1052 1678 liberis,
1074 1634 1178 1686 quia
1199 1629 1334 1673 dubia
1351 1629 1440 1685 fide
1455 1630 1612 1686 fuerat,
1631 1630 1820 1679 Romam
1839 1636 2010 1680 missus,
2028 1633 2189 1689 ibique.
2207 1651 2266 1678 ne

423 1709 464 1747 in
497 1708 639 1760 patria
671 1702 841 1758 aliquid
871 1710 1065 1749 novaret,
1089 1700 1164 1745 diu
1187 1701 1405 1749 detentus,
1428 1718 1650 1758 aeyreque
1669 1711 1774 1758 post
1793 1703 1953 1747 multos
1973 1720 2119 1748 annos
2141 1705 2262 1761 lega-

423 1776 614 1819 tionibus
651 1778 886 1818 civitatium
917 1781 1074 1816 senatu
1106 1772 1294 1828 {atiqato
1321 1777 1364 1816 in
1385 1777 1573 1828 patriam
1596 1778 1784 1830 quisque
1804 1790 1929 1818 suam
1952 1779 2160 1819 remissus
2181 1785 2261 1820 est.

482 1846 608 1890 Haec
641 1861 692 1889 ex
725 1844 916 1899 Polybio
947 1860 1037 1887 non
1068 1843 1314 1891 fluxerunt:
1348 1844 1417 1887 hic
1449 1850 1561 1887 enim
1594 1843 1754 1898 (XXX,
1793 1846 1857 1891 13.
1885 1844 2016 1899 6—7)
2042 1855 2086 1889 et
2113 1845 2263 1891 Livius

421 1916 579 1972 (XLV,
613 1918 682 1963 31,
715 1915 877 1970 9—11)
907 1931 997 1958 non
1028 1914 1216 1958 Aetolos
1248 1924 1414 1958 tantum
1447 1931 1599 1958 verum
1627 1931 1779 1959 omnes
1800 1922 1999 1960 civitates
2018 1926 2261 1961 memorant

421 1989 536 2032 unde
567 1995 686 2032 cives
717 1987 774 2031 ad
801 2003 976 2031 causam
1010 1985 1179 2029 Romae
1210 1985 1439 2029 dicendam
1471 1992 1645 2030 evocati
1678 1996 1790 2030 sunt.

565 2121 706 2180 plui.
738 2135 871 2179 Aem.
890 2134 1018 2178 Paul.
1037 2135 1107 2181 28.
1126 2134 1254 2177 3—7.
1307 2129 1425 2183 θέας
1450 2129 1501 2175 δὲ
1519 2129 1835 2176 παντοδαπῶν
1853 2129 2056 2192 ἀγώνων
2073 2131 2151 2178 καὶ
2169 2131 2260 2179 θυ-

420 2177 491 2221 ΧΙ·
563 2205 666 2257 σίας
696 2202 915 2250 ἐπιτελῶν
945 2208 1040 2255 τοῖς
1070 2201 1203 2254 θεοῖς
1232 2200 1452 2254 ἑστιάσεις
1477 2200 1555 2246 καὶ
1580 2201 1743 2247 δεῖπνα
1768 2201 2022 2263 προῦθετο,
2051 2204 2260 2266 χορηγίᾳ

420 2275 506 2337 μὲν
547 2275 600 2321 ἐκ
638 2279 731 2321 τῶν
766 2273 1023 2336 βασιλικῶν
1058 2272 1264 2335 ἀφθόνῳ
1300 2271 1557 2334 χρώμενος,
1599 2271 1726 2331 τάξιν
1762 2271 1814 2318 δὲ
1851 2272 1930 2318 καὶ
1961 2273 2144 2335 κόσμον
2179 2274 2260 2321 καὶ

421 2346 711 2399 κατακλίσεις
742 2345 820 2391 καὶ
852 2343 1084 2399 δεξιώσεις
1114 2343 1193 2389 καὶ
1224 2342 1309 2405 τὴν
1339 2342 1461 2404 πρὸς
1491 2343 1690 2389 ἕκαστον
1720 2343 1867 2389 αὑτοῦ
1891 2349 1974 2406 τῆς
1998 2344 2096 2390 κατ’
2123 2345 2260 2399 ἀξίαν

419 2423 555 2480 τιμῆς
590 2416 669 2464 καὶ
706 2414 1061 2479 φιλοφροσύνης
1097 2414 1318 2476 αἱσθησιν
1357 2414 1507 2467 οὕτως
1538 2413 1715 2476 ἀκριβῆ
1747 2413 1826 2460 καὶ
1856 2415 2295 2479 πεφροντισμένηνῡ

418 2487 782 2551 ἐνδεικνύμενος,
831 2487 949 2533 ὥστε
990 2485 1255 2548 θαυμάζειν
1296 2483 1406 2539 τοὺς
1431 2483 1674 2547 ’Έλληνας
1715 2486 1756 2530 εἰ
1790 2484 1912 2547 μηδὲ
1949 2485 2033 2548 τὴν
2068 2487 2259 2535 παιδιὰν

419 2561 621 2622 ἄμοιρον
670 2558 909 2605 ἀπολείπει
957 2557 1182 2619 σπουδῆς,
1236 2555 1353 2602 ἀλλὰ
1402 2555 1652 2618 τηλικαῦτα
1690 2555 1907 2617 πράττων
1943 2556 2066 2619 ἀνὴρ
2102 2558 2257 2621 πράγ-

418 2648 541 2693 ματα
591 2630 670 2677 καὶ
718 2636 813 2683 τοῖς
860 2634 1048 2691 μικροῖς
1095 2627 1147 2674 τὸ
1196 2627 1379 2689 πρέπον
1426 2627 1724 2673 ἀποδίδωσιν.
1773 2627 1800 2673 ὁ
1850 2627 1902 2674 δὲ
1949 2628 2029 2674 καὶ
2077 2627 2258 2683 τούτοις

418 2703 614 2764 ἔχαιρεν,
675 2702 743 2748 ὅτι
796 2700 986 2747 πολλῶν
1039 2697 1495 2760 παρεσκευασμένων
1548 2697 1626 2744 καὶ
1682 2697 1913 2759 λαμπρῶν
1966 2698 2018 2745 τὸ
2068 2700 2257 2762 ἥδιστον

419 2773 560 2826 αὐτὸς
614 2773 674 2835 ἦν
729 2771 1013 2833 ἀπόλαυσμα
1069 2770 1148 2816 καὶ
1203 2769 1363 2831 θέαμα
1418 2774 1513 2822 τοῖς
1566 2773 1783 2829 παροῦσι,
1843 2769 1922 2815 καὶ
1976 2770 2099 2832 πρὸς
2146 2769 2256 2825 τοὺς
2277 2793 2309 2821 ιο

418 2843 756 2906 θαυμάζοντας
803 2842 888 2905 τὴν
936 2841 1196 2903 ἐπιμέλειαν
1243 2840 1373 2902 ἔλεγε
1421 2845 1503 2902 τῆς
1553 2840 1698 2902 αὐτῆς
1745 2839 1859 2886 εἶναι
1902 2847 2066 2903 ψυχῆς
2100 2858 2254 2903 παρα-

417 2915 592 2970 τάξεώς
639 2932 686 2960 τε
733 2919 992 2975 προστῆναι
1041 2911 1200 2965 καλῶς
1247 2910 1326 2957 καὶ
1375 2911 1652 2972 συμποσίου,
1707 2916 1790 2973 τῆς
1835 2910 1932 2972 μὲν,
1987 2912 2119 2966 ὅπως
2166 2931 2254 2975 φο-

416 2986 660 3048 βερωτάτη
698 2991 793 3038 τοῖς
829 2984 1079 3045 πολεμίοις,
1115 2987 1198 3029 τοῦ
1230 2982 1287 3037 δ’,
1324 2982 1390 3035 ὡς
1419 2981 1806 3044 εὐχαριστότατον
1835 2981 1867 3043 ᾖ
1900 2988 1995 3036 τοῖς
2023 2988 2254 3031 συνοῦσιν.
