2430 3632
895 227 932 258 Β.
981 227 1164 259 uzoxrio
1189 228 1453 261 nnomonum.
2119 227 2156 263 U

175 322 267 366 Pol.
292 323 434 369 XXX.
461 324 567 366 4-5
594 323 753 370 B-w.;
782 324 863 366 Hu-
996 324 1121 367 Diod.
1151 325 1307 371 XXXI.
1336 328 1374 371 5.
1403 328 1427 368 2
1456 327 1524 369 Di.
1646 328 1734 370 Liv.
1762 329 1896 374 XLV.
1925 331 1988 374 25.
2018 331 2161 372 5-13.

177 398 229 452 5,
292 397 392 463 Τὴν
419 398 473 464 δὲ
501 399 854 463 προειρημένην
883 400 1134 461 ἀπόκρισιν
1207 403 1496 461 [Philocrates
1546 418 1590 452 et
1631 406 1898 463 Astymedes
1942 415 2160 464 principes

175 469 228 519 d
254 468 353 535 μέν’
366 469 485 532 περὶ
514 470 596 517 τὸν
629 470 929 534 Φιλοκράτην
957 470 1130 533 λαβόν·
1203 476 1434 532 legationis
1474 476 1631 534 erant.]
1675 485 1831 533 partim
1869 495 1967 524 cum
2011 478 2158 525 Philo-
2179 491 2199 520 5

174 556 251 597 τις
293 541 348 596 ἐξ
387 541 536 605 αὐτῆς
570 541 815 605 ὥρμησαν,
856 542 906 589 οἱ
937 541 990 589 δὲ
1025 542 1131 604 περὶ
1204 557 1325 592 crate
1365 555 1615 593 renuntiare
1657 548 1862 594 Rhodum
1895 549 2158 606 legationem

172 610 571 676 τὸνἊστυμήδην
588 612 759 660 αὐτόθι
776 612 995 675 μένοντες
1011 630 1129 674 παρ-
1201 618 1376 673 placuit.
1410 626 1566 674 partim
1595 635 1692 665 cum
1722 619 1968 676 Astymede
1990 620 2160 667 Romae

174 682 385 748 ήδρευον
436 683 578 748 χάριν
622 688 708 731 τοῦ
757 683 910 747 μηδὲν
957 683 1132 738 αὐτοὺς
1157 699 1175 727 ⁵
1202 689 1450 737 subsistere.
1487 697 1608 746 (συί).
1645 707 1760 747 quae
1794 703 2044 748 agerentur.
2076 700 2157 737 sci-

173 753 428 803 λανθάνειν
491 759 585 802 τῶν
647 755 1039 816 προσπιπτόντων
1099 756 1130 818 ἢ
1203 770 1299 803 rent
1349 767 1646 816 certioresque
1691 778 1795 806 suos
1839 762 2047 808 facerent.
2097 762 2158 819 [in
2179 774 2197 802 ⁶

137 838 158 869 2
172 824 444 890 λεγομένων
466 825 587 873 κατὰ
611 831 696 889 τῆς
717 826 955 887 πατρίδος.
987 843 1132 887 προσ.
1204 838 1452 885 praesentia
1481 831 1699 877 deducere
1724 843 1829 878 ante
1853 844 2017 878 certam
2044 835 2158 880 diem

173 894 414 961 πεσούσης
442 896 495 944 δὲ
525 902 611 961 τῆς
638 898 939 959 ἀποκρίσεως
962 896 1134 961 ταύτης
1205 917 1257 946 ex
1295 901 1430 957 Lycia
1462 901 1685 959 Cariaque
1716 911 1931 949 iusserunt
1961 905 2159 960 praefec-

172 968 242 1024 εἰς
274 966 362 1031 τὴν
385 967 560 1031 Ῥόδον,
592 968 814 1024 δόξαντες
836 963 955 1036 'Ex-c.
979 978 1074 1036 Mai.
1101 968 1201 1015 “On
1231 973 1324 1015 τῶν
1353 965 1524 1036 ἐπηρ·Ι
1549 973 1651 1030 tos.]
1684 975 1793 1019 haec
1822 974 2026 1020 Rhodum
2048 993 2158 1021 nun-

173 1037 496 1087 ἀπολελῦσῦαι
532 1043 617 1086 τοῦ
651 1025 1074 1118 μεγίσ-ιοξέιᾷίῆζ
1113 1039 1327 1103 τημένων
1409 1040 1498 1102 φό-
1511 1052 1669 1093 10tiata‚
1700 1062 1815 1101 quae
1842 1062 1920 1102 per
1946 1062 1994 1091 se
2020 1054 2157 1092 tristia

173 1126 261 1159 του
288 1109 452 1174 φόβου
478 1114 564 1158 τοῦ
587 1110 707 1157 κατὰ
733 1110 814 1158 τὰν
927 1121 1008 1157 372.
1111 1110 1218 1173 βων
1547 1115 1741 1164 fuissent.
1756 1124 1860 1172 quia
1871 1124 2047 1162 maioris
2058 1119 2157 1163 mali

172 1180 408 1245 πόλεμον,·
449 1181 593 1229 τᾶλλα
641 1183 812 1243 καίπερ
1074 1182 1278 1229 ἐδόκουν
1329 1182 1499 1229 cineis-
1547 1187 1718 1232 levatus
1754 1198 1848 1232 erat
1885 1195 2028 1236 timor.
2059 1205 2157 1234 cum

173 1251 338 1316 ἀκμὴν
360 1254 472 1300 ὄντα
497 1253 708 1317 δυσχερῆ
730 1254 812 1315 4591-
861 1252 1047 1309 λύσθαι,
1082 1253 1137 1299 τὰ
1169 1252 1213 1299 δ’
1247 1253 1363 1300 ἄλλα
1396 1254 1496 1300 καί·
1548 1259 1706 1303 bellum
1724 1266 1977 1307 timuissent.
1995 1267 2158 1317 ingau-

173 1357 212 1376 =
238 1343 334 1382 Roe.
364 1344 460 1381 Mai.
496 1324 611 1379 δίως
626 1324 811 1388 ἔφερον.
859 1342 950 1386 περ
999 1326 1111 1371 ὄντα
1161 1325 1370 1388 δυσχερῆ
1412 1325 1498 1385 ῥα·
1546 1330 1664 1373 dium
1697 1340 1937 1375 verterunt.

136 1392 257 1477 ³³2}
313 1391 459 1477 3⁰2⁸}-
496 1396 648 1451 οὕτως
659 1395 979 1445 αἰεὶτάιεδίωσ
1037 1396 1221 1458 ἔφερον.
1279 1395 1350 1442 ὡσ
1402 1396 1543 1445 ἐπί-ιε»

173 1452 460 1537 ,nnana
494 1468 642 1530 μείζω
720 1472 814 1514 τῶν
861 1484 959 1514 παν
985 1466 1078 1529 γὰρ
1104 1467 1153 1513 οἱ
1166 1466 1331 1513 πολλοὶ
1351 1466 1427 1513 διὰ
1447 1466 1499 1512 τὸ

172 1553 266 1580 των.
493 1539 813 1600 προσδοκω-
861 1538 1071 1601 μέγεθος
1101 1542 1195 1584 τῶν
1217 1538 1499 1599 προσδοκω-

170 1608 331 1672 μένων
346 1614 514 1656 κακῶν
531 1609 692 1673 λήθην
709 1628 813 1657 ποι-
861 1609 1019 1672 μένων
1054 1614 1220 1655 κακᾱνν
1258 1626 1500 1672 καταφρο-

172 1685 220 1728 εῖ
254 1685 351 1728 τῶν
392 1679 654 1728 ἐλαττόνων
694 1698 813 1743 συμ-
862 1685 992 1727 νοῦσι
1013 1685 1106 1726 τῶν
1117 1680 1376 1727 ἐλαττόνων
1387 1697 1500 1742 συμ.

136 1751 448 1815 4πτωμάτων.
490 1752 565 1799 διὸ
607 1752 686 1799 καὶ
722 1752 1136 1814 στα-εοπτωμάτων.
1506 1772 1542 1800 20
1761 1763 1908 1812 itaque
1938 1757 2157 1812 extemplo
2179 1767 2194 1794 ⁷

172 1829 403 1888 ραχρῆμα
470 1823 795 1887 ψηφισάμενοι
863 1828 919 1886 τῇ
977 1822 1131 1886 Ῥώμῃ
1204 1842 1414 1871 coronam
1447 1834 1602 1883 viqinti
1635 1828 1795 1872 milium
1821 1843 2053 1872 aureorum
2080 1827 2157 1872 de-

172 1893 407 1958 στέφανον
465 1894 562 1942 ἀπὸ
623 1895 883 1957 δισμυρίων
939 1899 1132 1958 χρυσῶν
1203 1908 1463 1944 creverunt:

172 1965 255 2013 καὶ
290 1966 664 2029 καταστήσαντες
698 1965 996 2028 πρεσβευτὴν
1032 1966 1130 2027 ἅμα

243 2133 264 2164 2
316 2122 577 2175 Φιλσκράτηυ]
613 2122 825 2175 Φιλὸφρονκ
854 2121 1045 2166 Leutsch;
1061 2122 1133 2161 sed
1276 2133 1294 2161 5
1346 2135 1372 2171 q
1389 2121 1456 2172 ui]
1498 2121 1591 2161 add.
1621 2120 1870 2162 Gronovius.

173 2174 314 2217 Livius
340 2176 551 2222 lectionem
579 2184 721 2217 tuetur.

243 2241 263 2270 4
315 2228 768 2324 τένινῷιέἒφρσζέἀκαέ.
789 2229 883 2270 add.
912 2243 951 2267 v.
973 2228 1133 2321 §stiget

173 2291 591 2388 legationibusoaptuzd
620 2295 946 2388 Polybidlmoengz
975 2295 1132 2375 ἱειὲῗεειὲῗ

173 2403 307 2434 unam,
340 2395 374 2431 si
403 2389 599 2442 Polybius
625 2389 795 2431 duorum
825 2395 1045 2440 principum
1074 2388 1130 2428 al-

173 2448 298 2490 terius,
322 2442 534 2496 levationis
561 2449 724 2484 nomina
751 2442 988 2483 tradidisset.

225 2507 264 2538 22
315 2496 522 2547 διο-μοριῶν
570 2495 927 2548 Schweighaeuser
967 2494 1130 2537 Nissen.

171 2555 268 2601 quia
294 2557 428 2591 textus
454 2550 557 2591 Livii
575 2556 799 2591 accuratior
818 2563 936 2599 quam
953 2548 1131 2598 Excerp-

173 2610 304 2644 torum
331 2611 405 2647 est.
431 2608 586 2654 μυρίων.

230 2762 279 2792 1·2
332 2748 955 2801 Philocrates-erant]
1012 2747 1190 2788 Nomina
1219 2746 1438 2798 legatorum
1466 2761 1490 2787 a
1520 2746 1695 2798 Polybio
1723 2753 1798 2787 iam
1827 2753 1939 2788 initio
1965 2754 2106 2798 capitis
2134 2749 2157 2787 4

172 2804 317 2846 tradita
343 2805 408 2846 hic
433 2805 591 2846 demum
621 2804 758 2845 Livius
790 2811 979 2843 memorat
1008 2801 1172 2851 (Nissen
1187 2814 1225 2851 p.
1242 2801 1334 2850 275)
1348 2814 1397 2840 ex
1412 2801 1569 2841 duabus
1584 2801 1850 2851 legationibus
1864 2800 2013 2841 iaciens
2028 2815 2156 2841 unam.

225 2869 281 2900 οῦ
342 2864 395 2899 in
436 2872 464 2910 p
478 2873 496 2899 r
509 2872 533 2898 a
548 2872 570 2899 e
585 2871 605 2898 s
618 2871 641 2898 e
656 2872 682 2898 n
697 2866 712 2897 t
728 2863 739 2897 i
753 2871 860 2907 a—p
875 2870 891 2896 r
905 2870 929 2895 a
944 2869 966 2895 e
983 2854 1032 2895 fe
1047 2869 1068 2894 c
1084 2863 1099 2894 t
1113 2867 1142 2894 o
1156 2853 1204 2905 s.]
1261 2852 1432 2893 Senatus
1459 2854 1685 2894 consultum
1715 2853 1851 2894 Livius
1877 2868 1926 2894 ex
1951 2854 2158 2894 Annalista

172 2917 340 2963 mpeit
375 2910 540 2962 (Nissen
568 2911 636 2961 li.)
662 2919 888 2951 commotus
915 2909 1157 2949 obscuritate
1186 2913 1365 2957 responsi
1394 2913 1612 2958 principum
1643 2906 1912 2948 Romanorum
1941 2908 2049 2958 apud
2078 2906 2157 2948 Po-

173 2963 338 3016 lybium.
379 2971 447 3016 qui
487 2965 566 3005 hoc
607 2973 769 3005 senatus
809 2962 1034 3003 consultum
1076 2961 1232 3001 demum
1274 2969 1369 3010 post
1396 2959 1670 3000 Theaedetum
1700 2960 1921 3011 profectum
1950 2963 1997 3010 (c.
2029 2962 2063 3002 5.
2099 2961 2158 3010 12>

173 3017 320 3063 habet:
349 3019 442 3059 vide
468 3018 636 3059 subiecti
665 3023 922 3057 mutationem
951 3020 1092 3065 capitis
1122 3014 1183 3056 25.
1215 3014 1328 3053 5-6.
