2430 3632
318 251 362 287 14
999 251 1158 284 OLYMP:
1185 248 1264 290 153,
1292 248 1330 283 l:
1357 253 1431 284 RES
1457 253 1634 282 1TAL1AE.

449 354 536 394 1³01.
566 353 704 397 xxx,
733 354 836 392 4—5
867 352 1019 397 ΒΑΜ
1049 351 1130 391 Hu.
1563 351 1649 391 Liv.
1679 351 1811 395 XLV.
1841 352 1903 395 25.
1934 339 2076 392 5—13.

315 429 472 483 πόλεις
490 426 876 489 στρατεύσσαντες
894 427 1116 489 ἐνίκησαν
1133 426 1266 488 μάχῃ
1339 429 1585 485 densisque,
1627 436 1701 485 qui
1740 428 2072 474 Euromensium
2114 436 2295 485 provin„

315 500 587 553 Μυλασσεῖς
617 499 696 545 καὶ
715 497 1032 560 Ἁλαβανδεῖς,
1063 496 1267 559 ἀμφοτέ-
1339 507 1449 545 ciam
1510 501 1762 556 ademptum
1821 510 1864 544 et
1921 507 2002 556 ipsi
2059 507 2296 545 coniuncto

320 589 420 633 ρων
460 568 862 632 παραγενομένων
903 567 1018 630 μετὰ
1055 573 1271 629 στρατιᾶς
1343 578 1533 615 exercitu
1549 580 1776 622 venerant,
1794 578 1909 615 circa
1926 570 2185 615 Orthosiam
2201 577 2297 615 acie

266 657 298 685 16
316 642 388 688 ἐπ’
441 641 721 703 Ὀρθωσίαν.
781 643 864 685 τοῦ
920 639 971 686 δὲ
1026 638 1133 700 περὶ
1178 643 1271 685 τῶν
1343 649 1554 686 vicerunt.

316 712 514 759 Λυκίων
539 712 617 758 καὶ
642 711 824 772 Καρῶν
848 710 1089 772 δόγματος
1113 709 1271 763 αὐτοῖς
1298 724 1316 752 5

315 783 676 845 προσπεσόντος,
718 781 857 828 πάλιν
890 780 1270 843 ἅπεσοβήθησαν

316 861 414 908 ταῖς
470 855 705 909 διανοίαις,
761 853 992 906 δείσαντες
1039 852 1107 914 μή
1157 868 1270 898 ποτε

315 926 512 988 μάταιος
547 925 634 987 μὲν
670 924 828 977 αὐτοῖς
859 924 890 985 ἦ
922 927 1006 969 τοῦ
1036 922 1270 985 στεφάνου

316 997 446 1050 δόσις
501 996 679 1059 γέγονε,
739 995 926 1057 μάταιοι
973 994 1017 1040 δ’
1070 995 1122 1040 αἱ
1164 993 1270 1055 περὶ

316 1074 399 1130 τῆς
435 1068 705 1130 συμμαχίας
743 1066 934 1119 ἐλπίδες.
1296 1079 1327 1107 ιο

386 1205 404 1233 2
458 1192 703 1243 Μολασσεῖς]
733 1191 826 1231 vide
854 1191 917 1231 ad.
947 1191 1034 1231 Liv.
1064 1205 1102 1241 p.
1128 1192 1187 1234 13,
1212 1191 1271 1229 11.

915 1487 960 1527 ΙΙ.
1027 1486 1185 1527 RES
1250 1485 1700 1527 GRAECIAE.

1127 1577 1177 1612 A.
1226 1577 1304 1612 Res
1329 1577 1490 1620 Illyrici.

1136 1681 1222 1721 Liv.
1253 1681 1385 1725 XLV,
1417 1682 1479 1721 26.

321 1759 437 1803 Dum
485 1758 593 1802 haec
625 1757 697 1804 ibi,
730 1757 815 1800 alia
847 1763 889 1799 in
923 1755 1208 1802 Macedonia,
1242 1755 1326 1798 alia
1359 1754 1528 1798 Romae
1559 1763 1781 1809 geruntur,
1814 1760 1984 1797 interim
2015 1758 2093 1797 <in>
2125 1753 2298 1808 Illyrico

320 1830 367 1874 L.
401 1829 582 1873 Anicius
613 1844 717 1883 rege
749 1827 928 1874 Gentio,
961 1833 1070 1870 sicut
1101 1836 1205 1869 ante
1234 1826 1398 1869 dictum
1431 1835 1508 1872 est,
1538 1832 1582 1868 in
1603 1834 1866 1880 potestatem
1889 1825 2069 1869 redacto
2090 1824 2298 1872 Scodrae,

283 1911 299 1939 2
320 1917 434 1956 quae
472 1907 591 1955 regia
623 1900 777 1946 fuerat,
811 1898 1030 1954 praesidio
1062 1903 1254 1951 inposito
1286 1895 1524 1940 Gabinium
1557 1896 1779 1951 praefecit,
1814 1895 1999 1940 Rhizoni
2031 1906 2075 1939 et
2105 1894 2298 1943 Olcinio,

282 1982 299 2010 3
320 1972 499 2015 urbibus
537 1977 811 2026 opportunis,
852 1968 903 2012 C.
943 1968 1167 2012 Licinium.
1221 1974 1483 2022 praepositis
1515 1967 1580 2010 his
1614 1967 1802 2021 Illyrico,
1835 1967 2004 2022 reliquo
2036 1973 2226 2011 exercitu
2257 1973 2300 2010 in

321 2042 499 2098 Epirum
532 2051 596 2085 est
627 2041 863 2097 profectus.
910 2040 984 2084 ubi
1017 2046 1156 2094 prima
1189 2038 1391 2082 Phanote
1422 2045 1461 2082 ei
1492 2038 1641 2082 dedita
1673 2047 1737 2081 est
1769 2044 1887 2082 omni
1909 2038 2182 2082 multitudine
2202 2053 2299 2082 cum
2324 2047 2357 2076 ¹5

283 2124 299 2152 4
320 2113 463 2157 infulis
509 2113 687 2156 obviam
735 2111 887 2156 effusa.
951 2111 1050 2154 hinc
1097 2109 1316 2165 praesidio
1358 2116 1550 2164 inposito
1592 2116 1635 2152 in
1669 2108 1961 2153 Molossidem
1992 2118 2299 2164 transgressus.

320 2191 439 2228 cuius
485 2184 686 2227 omnibus
732 2183 906 2238 oppidis
951 2191 1125 2237 praeter
1172 2180 1461 2224 Passaronem
1509 2189 1552 2224 et
1597 2179 1868 2224 Tecmonem
1915 2189 1959 2224 et
1997 2179 2219 2235 Phylacen
2257 2190 2301 2224 et

284 2267 301 2294 5
323 2255 543 2299 Horreum
576 2261 761 2309 receptis
793 2260 977 2308 primum
1009 2252 1067 2296 ad
1099 2251 1389 2295 Passaronem
1421 2251 1552 2295 ducit.
1590 2251 1814 2295 Antinous
1835 2261 1879 2295 et
1899 2251 2162 2295 Theodotus
2182 2258 2300 2307 prin-

375 2397 402 2423 ιι
461 2383 496 2422 R
512 2397 539 2423 o
554 2398 591 2422 m
606 2397 630 2422 a
645 2397 666 2422 e
708 2397 733 2433 9
749 2396 770 2421 e
786 2397 803 2421 r
818 2397 843 2421 u
858 2396 884 2421 n
899 2390 915 2420 t
930 2397 955 2420 u
970 2381 1002 2432 r]
1046 2380 1108 2420 ed.
1138 2380 1229 2419 Bas.
1264 2380 1375 2422 1531,
1407 2384 1830 2429 romaeinasia9erunt.

462 2443 473 2475 i
488 2437 529 2487 n]
573 2436 664 2475 add.
696 2435 847 2475 eadem.

324 2545 338 2582 l
376 2489 614 2593 {hagohtjerli
629 2503 655 2528 0
670 2497 685 2528 t
700 2503 722 2528 e
764 2503 785 2528 e
801 2489 828 2539 i]
883 2486 1382 2527 Weissenborn-Heraeus
1428 2485 1578 2525 collato
1620 2491 1809 2536 genetivo
1838 2485 2041 2524 Phanotes
2068 2484 2206 2529 XLIII.
2237 2486 2301 2529 23.

377 2680 405 2706 11
463 2666 511 2706 C.
546 2666 700 2706 26—C.
730 2667 793 2707 34.
823 2666 847 2704 9
889 2664 1023 2704 Dum
1066 2663 1204 2703 haec
1246 2663 1433 2702 ibi—in
1474 2662 1701 2701 Italiam
1743 2662 1983 2713 traiecit]
2027 2662 2141 2702 Haec
2169 2667 2303 2702 omnia

322 2719 497 2770 Polybio
538 2719 672 2758 deberi
714 2725 901 2758 universo
942 2732 992 2757 ex
1028 2731 1079 2757 eo
1107 2724 1285 2767 apparet,
1314 2716 1425 2766 quod
1453 2716 1503 2755 de
1532 2715 1649 2755 rebus
1678 2715 1871 2755 Graeciae
1903 2724 2026 2766 agunt
2059 2715 2122 2766 (cf.
2151 2714 2302 2755 Nissen

321 2788 359 2823 p.
403 2774 453 2813 53
495 2774 573 2823 ss.)
614 2780 653 2811 et
693 2779 916 2811 accuratam
958 2777 1178 2810 monstrant
1219 2775 1488 2820 cognitionem
1530 2769 1850 2820 geographicam,
1894 2769 1944 2812 id,
1987 2769 2098 2818 quod
2127 2768 2303 2820 Polybio

322 2832 522 2876 proprium
551 2839 638 2864 esse
667 2832 802 2864 monet
829 2824 981 2863 Nissen
1010 2839 1048 2874 p.
1080 2825 1142 2862 73.

378 2891 455 2925 is-p.
477 2891 518 2923 15,
533 2891 550 2918 2
591 2878 630 2917 A
645 2884 726 2917 nti
742 2892 768 2917 n
783 2892 810 2917 o
825 2893 851 2917 u
866 2877 975 2916 s-R
991 2891 1017 2916 o
1033 2891 1070 2916 m
1085 2891 1108 2916 a
1123 2891 1149 2915 n
1164 2882 1176 2915 i
1190 2876 1238 2926 s.]
1296 2875 1494 2919 Quamvis
1523 2875 1718 2926 Polybius
1745 2874 1795 2914 de
1811 2889 1858 2914 ea
1873 2881 2003 2914 teiam
2019 2889 2053 2914 c.
2070 2875 2106 2918 7,
2123 2876 2146 2914 2
2166 2880 2300 2925 egerit,

322 2940 464 2975 tamen,
507 2938 599 2981 quia
640 2931 692 2970 ibi
734 2931 903 2981 exempli
944 2930 1073 2969 solum
1115 2935 1238 2980 qratia
1279 2936 1428 2968 attacta
1455 2936 1526 2971 est.
1555 2934 1704 2979 optime
1733 2942 1808 2968 suo
1836 2935 2014 2979 tempore
2041 2927 2094 2967 ab
2121 2941 2173 2968 eo
2201 2934 2302 2967 trac-

322 2993 442 3024 tatam
471 2999 557 3024 esse
586 2992 731 3034 potest,
761 2990 861 3023 sicut
888 2984 938 3022 de
968 2983 1141 3022 Achaeis
1170 2996 1332 3032 quoque
1361 2981 1603 3032 principibus
1633 2981 1781 3021 Perseo
1809 2981 2036 3021 faventibus
2059 2981 2114 3020 ibi
2131 2981 2303 3031 exempli

323 3046 472 3077 tantum
502 3044 625 3088 qratia
653 3043 745 3087 agit,
775 3038 824 3076 de
854 3037 1000 3076 eisdem
1030 3044 1172 3086 postea
1200 3036 1246 3086 (c.
1282 3036 1340 3078 lo,
1372 3035 1409 3085 8)
1439 3034 1562 3074 fusius
1590 3042 1837 3074 tractaturus.
