2430 3632
307 280 330 314 4
974 280 1130 310 OLYMP.
1160 274 1238 316 153,
1267 274 1304 309 1:
1332 279 1406 309 RES
1433 279 1609 308 ITALIAE.

440 381 525 421 Pol
555 380 691 423 XXX,
726 380 824 418 l-3
853 379 907 417 B-
909 378 1007 423 W.;
1036 378 1118 417 Hu
1550 376 1637 416 Liv.
1666 375 1799 420 XLV,
1833 377 1998 419 19—20,
2027 377 2064 416 3.

262 473 280 500 6
308 457 494 504 οὐδέπω
548 455 639 517 γὰρ
689 452 1076 515 ἅναδεδειγμένος
1123 450 1255 514 ἐτύγ-
1328 456 1512 500 necdum
1545 462 1658 499 enim
1691 465 1938 510 agnoverat
1968 471 2080 502 eum.

308 546 447 591 χανεν
493 526 610 572 κατὰ
648 524 786 587 φύσιν
823 524 923 577 υἱὸς
960 523 1028 569 ὢν
1064 523 1191 584 αὐτῷ
1228 523 1255 568 ὁ

306 599 419 662 μετὰ
451 602 591 644 ταῦτα
624 595 954 657 διαδεξάμενος
978 594 1063 656 τὴν
1087 594 1253 656 ἀρχήν.
1327 604 1401 653 qui
1432 607 1588 652 postea
1619 604 1833 652 regnavit.

263 686 279 712 ⁷
307 671 358 716 τὸ
390 670 440 716 δὲ
471 668 680 730 συνέχον,
716 666 980 727 θαυμάζειν
1009 665 1101 727 ἔφη
1127 665 1253 710 πόσα
1327 669 1431 724 quid
1481 668 1679 712 adtinere
1729 675 1818 713 vim
1864 668 2038 712 adferre
2088 675 2150 712 rei
2201 684 2279 713 sua
2302 679 2337 707 12

306 741 497 804 βλάπτει
522 738 630 791 τοὺς
654 739 904 790 ἑνεστῶτας
929 735 1136 797 καιρούς.
1172 753 1254 797 με-
1281 750 1299 778 5
1326 749 1485 795 sponte
1514 739 1572 783 ad
1604 755 1701 783 eum
1734 755 1835 783 mox
1867 740 2113 784 venturae?

309 812 459 875 γάλην
520 809 611 872 γὰρ
673 810 768 855 δεῖν
822 808 943 869 ἔχειν
996 813 1108 853 πᾶσι
1163 813 1258 860 τοῖς

263 897 280 925 8
307 883 438 936 θεοῖς
455 881 603 944 χάριν,
628 882 668 926 εἰ
685 877 1059 948 συμπνεύσαντες
1078 877 1157 924 καὶ
1174 883 1257 940 μιᾷ

309 953 473 1016 γνώμῃ
517 951 751 1014 χρώμενοι
789 948 1002 995 δύναιντο
1039 948 1120 995 τὸν
1157 948 1251 994 ἀπὸ
1324 959 1558 997 accessisse
1598 959 1728 996 etiam
1770 968 1932 996 novam
1975 962 2278 1008 tempestatem

307 1025 531 1071 Γαλατῶν
560 1022 717 1084 φόβον
747 1020 1036 1074 οἷπώσασθαι7
1063 1019 1142 1066 καὶ
1172 1019 1253 1065 τὸν
1325 1040 1464 1079 regno
1505 1023 1711 1067 tumultus
1752 1022 1923 1071 Gallici,
1966 1030 2035 1067 cui
2066 1030 2139 1067 vix
2169 1039 2277 1067 con·-

262 1111 279 1138 9
307 1095 400 1142 ἀπὸ
444 1093 620 1140 τούτων
661 1093 894 1154 ἐφεστῶτα
938 1091 1167 1137 κίνδυνον.
1215 1092 1256 1136 εἰ
1277 1104 1309 1133 10
1327 1111 1455 1139 sensu
1477 1104 1520 1138 et
1541 1094 1780 1139 concordia
1796 1105 1947 1149 regum
1967 1100 2105 1138 resisti
2127 1104 2278 1150 queam

306 1166 356 1212 δὲ
387 1170 470 1212 νῦν
500 1167 564 1218 εἰς
594 1163 751 1209 στάσιν
781 1162 860 1209 καὶ
891 1161 1126 1224 διαφορὰν
1151 1163 1250 1223 ἥξει
1322 1173 1356 1210 si
1388 1182 1499 1209 vero
1526 1166 1584 1209 ad
1612 1175 1835 1209 externum
1858 1165 2279 1213 bellumtdomestica
2303 1175 2345 1204 1³·

305 1237 426 1298 πρὸς
468 1235 548 1282 τὸν
590 1234 806 1296 ἀδελφόν,
854 1233 1099 1296 πρόδηλον
1140 1232 1254 1279 εἶναι
1326 1237 1483 1281 seditio
1519 1237 1744 1284 adiciatur,
1778 1243 1868 1280 sisti
1899 1253 1990 1280 non
2021 1252 2164 1292 posse.
2198 1252 2279 1281 nec

306 1308 419 1354 διότι
456 1305 765 1368 καταστρέψει
796 1304 881 1366 τὴν
910 1304 1150 1366 βασιλείαν
1175 1303 1254 1350 καὶ
1325 1308 1442 1352 aliud
1485 1325 1596 1355 eum,
1630 1324 1774 1363 quam,
1807 1324 1863 1351 ne
1898 1308 2033 1351 frater
2065 1314 2108 1351 in
2139 1323 2279 1363 regno

306 1378 514 1441 στερήσει
568 1377 654 1439 μὲν
708 1376 851 1422 αὑτὸν
905 1375 984 1421 καὶ
1030 1381 1113 1437 τῆς
1160 1391 1250 1421 πα·
1324 1386 1546 1427 moriatur,
1589 1378 1671 1423 sibi
1713 1385 1793 1434 ipsi
1832 1395 1952 1433 spem
1985 1385 2278 1434 propinquam

306 1449 484 1512 ρούσης
514 1448 726 1502 ἐξουσίας
757 1447 835 1493 καὶ
866 1452 949 1509 τῆς
979 1448 1043 1500 εἰς
1067 1446 1118 1492 τὸ
1144 1445 1252 1508 μέλ-
1275 1460 1306 1488 15
1325 1457 1447 1505 regni
1479 1459 1742 1505 erepturum.
1786 1448 1837 1504 [si
1868 1459 2055 1505 utraque
2085 1449 2279 1505 gloriosa
2299 1459 2336 1487 1⁴

306 1521 388 1567 λον
429 1520 626 1574 ἐλπίδος,
673 1518 882 1580 στερήσει
926 1517 976 1563 δὲ
1019 1517 1098 1563 καὶ
1141 1516 1251 1570 τοὺς
1323 1537 1391 1564 res
1422 1530 1550 1568 esset,
1583 1530 1627 1564 et
1658 1537 1858 1565 servasse
1883 1521 2005 1564 fratri
2028 1536 2209 1576 regnum
2232 1530 2276 1565 et
2374 1519 2377 1523 ’

307 1590 539 1653 ἀδελφοὺς
563 1596 645 1652 τῆς
670 1590 823 1652 ἀρχῆς
848 1589 926 1634 καὶ
950 1594 1033 1651 τῆς
1057 1589 1107 1634 ἐν
1132 1588 1250 1650 αὐτῇ
1323 1599 1544 1647 eripuisse,
1593 1599 1755 1636 servati
1798 1601 1944 1635 tamen
1985 1598 2122 1647 regni,
2164 1607 2279 1647 quae

254 1677 286 1705 10
304 1663 582 1715 δυναστείας.
650 1665 790 1706 ταῦτα
841 1659 901 1722 δὴ
951 1659 1030 1706 καὶ
1073 1658 1252 1713 τούτοις
1324 1670 1470 1707 iuncta
1497 1670 1648 1718 pietati
1671 1670 1737 1711 sit,
1761 1670 1978 1718 potiorem
2000 1662 2172 1706 laudem
2193 1662 2278 1706 <fu-

304 1735 435 1795 ἕτερα
490 1732 793 1794 παραπλήσια
849 1730 1169 1792 διατιθέμενος
1223 1731 1250 1776 ὁ
1324 1739 1482 1777 turam>
1503 1734 1647 1778 fuisse.
1671 1735 1747 1778 sed
1769 1741 1995 1778 enimvero
2015 1750 2113 1778 cum
2135 1734 2279 1777 detes—
2344 1752 2346 1755 ’

357 1896 374 1922 2
445 1882 547 1932 aeswig
591 1882 623 1932 ἑ]
668 1895 756 1920 cum
798 1881 931 1925 hiatu,
975 1879 1077 1930 αἰτῴ
1116 1879 1247 1917 τότ-’ὲ
1380 1892 1464 1920 18-19
1515 1879 1778 1930 futuram]
1808 1879 1900 1919 add.
1931 1878 2152 1919 Andresen.

305 1938 550 1976 Boissevain.

356 2003 374 2029 6
445 1990 518 2027 δεῖν
547 1988 648 2040 ἔχειν
677 1987 849 2041 I-lultsch
874 1986 1253 2029 Buettner-Wobst,

305 2044 436 2082 εἰδέναι
466 2043 647 2084 Ursinus,
677 2043 776 2079 εἶναι.

358 2222 369 2248 1
443 2206 782 2258 agnoverat]
825 2205 961 2245 Nemo
1003 2204 1169 2248 dubitat,
1203 2212 1297 2256 quin
1339 2206 1418 2246 hoc
1459 2206 1586 2246 verbo
1627 2213 1802 2246 vertatur
1835 2205 2177 2256 ἆ.υαδεδειγμένος;
2209 2205 2281 2246 sed

303 2269 375 2301 viri
402 2262 511 2301 docti
539 2267 700 2302 certant,
729 2267 833 2298 recte
861 2272 1007 2302 necne;
1036 2258 1085 2298 cf.
1117 2258 1266 2298 Nissen
1294 2274 1333 2310 p.
1364 2260 1459 2304 2742
1487 2259 1627 2303 Niese,
1658 2258 1906 2299 Geschichte
1929 2259 1968 2299 d.
1987 2258 2293 2312 Griechischen¹

305 2331 340 2354 u.
370 2314 725 2354 Makedonischen
754 2311 922 2351 Staaten
952 2311 1000 2350 III
1030 2326 1067 2362 p.
1102 2313 1190 2351 204.
1705 2325 1710 2330 ·

358 2380 443 2408 15-20
461 2380 526 2414 p.5
568 2373 612 2406 si
654 2366 1393 2416 utraque—praestitisset]
1452 2365 1515 2406 Cf.
1545 2365 1696 2405 Nissen
1724 2381 1763 2416 p.
1794 2367 1945 2406 26s.1·m
1963 2364 2282 2405 Ganzenhater

303 2422 370 2471 (sc.
399 2421 548 2470 Livius)
577 2426 615 2458 in
643 2419 777 2458 dieser
799 2419 866 2468 (sc⁴
883 2418 1167 2469 oratorischen)
1182 2418 1436 2469 Beziehuny.
1452 2451 1459 2457 .
1473 2451 1481 2458 .
1496 2451 1503 2458 .
1520 2419 1600 2458 den
1615 2418 1809 2470 Polybius
1825 2419 2055 2458 bedeutend
2067 2424 2277 2458 erweitert.

304 2474 384 2514 So.
404 2505 411 2513 .
430 2505 437 2513 .
455 2473 586 2516 XLV,
624 2473 682 2511 19.
730 2472 822 2511 Nec
850 2485 924 2522 pro
952 2479 1062 2510 certo
1089 2471 1296 2511 adfirmare
1325 2486 1537 2522 possumus
1565 2472 1714 2522 aliquid
1742 2472 1794 2512 ab
1822 2478 2085 2523 epitomatOte
2112 2478 2278 2512 recisum

303 2542 415 2572 esse;
444 2541 545 2569 nam.
575 2531 700 2564 ταῦτα
731 2526 776 2571 δὴ
806 2525 867 2562 mi
897 2525 1044 2569 τούτοις
1072 2523 1211 2575 (ἕτεροι)
1240 2529 1499 2572 παραπλήσια
1529 2526 1638 2576 apud
1666 2525 1879 2576 Polybium
1908 2531 2066 2576 passim,
2095 2525 2163 2565 ubi
2182 2524 2278 2565 nihil

303 2581 414 2620 deest
455 2579 691 2630 (Schweiqh.
735 2592 764 2617 s
781 2578 860 2628 v.);
903 2585 941 2616 et
983 2578 1250 2627 προειρημένος
1292 2578 1392 2628 (Pol.
1435 2592 1468 2618 c.
1499 2580 1536 2622 3.
1584 2580 1616 2629 l)
1654 2578 1849 2629 Polybius
1879 2578 2034 2623 „dicere
2061 2586 2167 2618 amat
2194 2592 2277 2618 non

304 2634 430 2673 solum
472 2633 521 2672 de
553 2639 621 2675 eis,
650 2645 816 2681 quorum
844 2630 1023 2670 nonnihil
1056 2638 1147 2670 ante
1180 2630 1326 2670 fecerat
1354 2638 1592 2671 mentionem
1622 2632 1692 2671 sed
1720 2638 1967 2682 potissimum
1995 2632 2046 2671 de
2073 2631 2146 2675 his,
2174 2645 2277 2682 quae

303 2693 479 2737 proxime
521 2694 559 2725 et
596 2685 718 2724 modo
746 2698 851 2723 nunc
878 2684 1177 2723 nominaverat
1207 2683 1354 2734 (Schw.
1384 2699 1414 2724 s
1430 2699 1469 2724 v.
1473 2686 1510 2735 );
1539 2691 1656 2736 igitur
1682 2699 1766 2725 non
1793 2691 2019 2725 necessario
2046 2685 2277 2736 ponendum
2424 2698 2430 2732 ξ

303 2748 362 2779 est
402 2739 453 2778 ab
494 2745 754 2789 epitomatote
798 2736 1010 2787 Polybium
1052 2737 1114 2776 hic
1156 2745 1401 2777 contractum
1443 2752 1543 2781 esse,
1586 2745 1718 2788 itaque
1750 2744 1849 2778 inter
1877 2753 1910 2778 c
1941 2739 1977 2782 2,
2006 2739 2031 2777 9
2059 2746 2099 2778 et
2125 2752 2159 2778 c.
2189 2739 2226 2781 3
2255 2739 2271 2777 1

304 2792 495 2842 quaedam
556 2792 705 2831 deesse.
781 2790 969 2829 Attamen
1023 2789 1191 2829 fortasse
1246 2790 1440 2841 Polybius
1495 2797 1745 2842 incorruptus
1800 2791 1913 2842 plura
1967 2791 2129 2837 habuit,
2184 2805 2276 2831 nam
2420 2777 2430 2843 Ξ

303 2846 437 2885 Livius
478 2859 511 2884 c.
558 2846 616 2887 19,
664 2845 710 2883 16
752 2843 883 2882 Persei
924 2849 1070 2882 exitum
1111 2851 1316 2894 comparat
1357 2858 1445 2883 cum
1479 2850 1687 2894 impiorum
1715 2844 1874 2884 fratrum
1903 2852 2062 2888 eventu,
2098 2843 2276 2884 fabulis
2424 2852 2427 2854 ’

303 2898 492 2941 tradito,
535 2898 574 2937 id
615 2905 674 2936 est
715 2911 803 2936 cum
838 2896 927 2935 fatis
955 2895 1133 2935 Eteoclis
1160 2904 1199 2935 et
1228 2896 1432 2947 Polynicis
1460 2898 1512 2947 (v.
1543 2896 1660 2938 Scala
1687 2898 1754 2937 die
1782 2897 1951 2937 Studien
1980 2898 2054 2937 des
2081 2896 2276 2948 Polybius
2420 2890 2430 2932 ἲ

304 2952 317 2990 Ι
358 2966 395 3001 p.
426 2952 515 3001 81);
544 2956 728 2990 novimus
757 2957 887 2988 autem
916 2948 1128 2999 Polybium
1156 2950 1350 2989 interdum
1378 2964 1427 2989 ex
1455 2950 1670 3001 tragoediis
1697 2951 1879 3002 exempla
1906 2950 2047 2991 afferre
2075 2951 2127 3002 (v.
2157 2950 2276 2990 Scala

304 3005 327 3043 l.
342 3004 365 3043 l.
409 3019 446 3054 p.
477 3004 551 3054 80).
600 3003 805 3042 Praeterea
833 3008 959 3052 ipsum
988 3002 1210 3051 exemplum
1239 3002 1371 3042 Persei
1398 3003 1450 3042 ab
1474 3010 1701 3054 egressione
1729 3004 1936 3048 rhetorica,
1965 3010 2004 3043 in
2032 3018 2111 3054 qua
2138 3003 2276 3044 Livius

304 3057 397 3096 nihil
425 3062 497 3095 nisi
525 3056 660 3098 verba,
689 3069 770 3094 non
798 3062 1027 3105 argumenta
1055 3054 1181 3098 affert,
1210 3055 1433 3106 discrepare
1460 3056 1628 3096 videtur.
