2430 3632
407 257 454 293 88
1199 261 1470 291 APPENDICES.

622 374 756 418 Urs.g.
789 375 838 417 21
887 390 943 411 z
968 373 1100 417 Diod.
1133 372 1303 420 XXXI,
1336 374 1377 421 7,
1411 375 1436 416 2
1469 372 1537 427 (ex
1570 371 1663 416 Pol.
1696 371 1864 436 XXXI,
1897 371 1940 427 9)

623 445 751 489 Urs.‘·
823 447 839 488 1
886 461 944 481 z
1028 478 1050 493 „
1132 443 1302 492 XXXI,
1340 443 1522 498 15,2(„
1603 477 1625 491 „
1694 442 1841 491 XXX,
1878 444 1944 490 19,
1982 442 2107 497 1—7)

622 516 756 560 Urs,g·
788 517 843 559 22
885 532 944 553 Ξ
1027 549 1049 563 ,,
1132 514 1301 563 XXXI,
1334 516 1390 559 23
1467 514 1521 569 („
1604 548 1625 562 „
1694 513 1885 562 XXXII,
1923 513 1976 568 l)]

469 587 559 631 Iam
607 593 709 643 quia
756 596 799 631 et
847 586 980 630 Ursss·
1027 587 1084 629 20
1126 595 1170 630 et
1202 585 1331 630 Urs.‘·
1367 588 1382 629 1
1421 602 1473 630 ex
1506 585 1680 640 Polybii
1713 585 1826 628 libro
1857 584 1990 628 XXX
2021 585 2250 640 desumpta

409 667 546 706 erant,
579 668 920 702 consentaneum
953 657 1187 701 videbatur
1220 657 1354 701 Urs.g·
1380 658 1430 700 21
1458 672 1649 712 quoque,
1677 656 1797 711 quod
1819 656 2118 700 intermedium
2141 665 2248 703 erat,

408 729 564 773 eodem
606 729 719 772 libro
762 729 966 775 tribuere,
1009 738 1052 772 et
1084 734 1186 783 quia
1219 727 1353 771 Urs.g·
1385 729 1454 774 20,
1487 736 1534 771 ut
1565 727 1766 774 vidimus,
1799 742 2027 782 perperam
2059 733 2191 781 capiti
2222 727 2249 769 3

408 800 503 843 libri
551 800 677 844 huius
724 806 925 843 tricesimi
971 799 1275 846 attribuerant,
1325 798 1459 842 Urs.g·
1506 800 1555 841 21
1608 814 1787 853 quoque
1832 797 1988 841 eodem
2027 797 2119 841 fere
2150 797 2249 841 loco

408 871 712 914 collocandum
745 879 1019 914 censuerunt.

530 1012 644 1056 Liv.
686 1012 830 1060 XLV,
874 1014 944 1060 20.
978 1013 1136 1058 4—25,
1170 1013 1197 1055 4
1230 1009 1882 1066 Inter—permanerent]
1948 1010 2074 1054 Haec
2105 1016 2250 1064 capita

409 1059 466 1103 Π·
528 1099 580 1127 ex
613 1083 803 1138 Polybio
835 1083 989 1127 hausta
1021 1099 1111 1126 non
1143 1092 1256 1130 sunt,
1288 1092 1336 1126 ut
1365 1092 1551 1137 apparet
1572 1098 1625 1126 ex
1641 1082 1796 1125 ordine
1811 1090 2180 1137 argumentorum,
2198 1096 2250 1124 ex

408 1161 675 1210 argumentis
706 1161 800 1210 ipis,
831 1170 883 1198 ex
916 1154 1063 1198 verbis
1094 1160 1369 1198 narrationis.
1402 1153 1536 1199 Nam,
1569 1170 1609 1197 a.
1645 1152 1855 1207 Polybius
1871 1151 2076 1204 XXXA,
2099 1153 2114 1195 1
2137 1151 2251 1195 duas

409 1225 651 1281 legationes
682 1232 820 1273 novit,
854 1242 1035 1280 quarum
1069 1231 1287 1280 principes
1318 1234 1444 1268 sunt:
1472 1230 1628 1279 prioris
1645 1223 1933 1272 Philocrates,
1951 1223 2126 1267 alterius
2142 1221 2251 1266 Phi-

410 1297 596 1352 lophron
629 1306 672 1339 et
703 1295 988 1353 Astymedes,
1023 1295 1171 1340 Livius
1204 1312 1336 1339 unam
1370 1305 1550 1342 tantum,
1582 1302 1703 1339 cuius
1735 1301 1951 1349 principes
1983 1304 2081 1338 sunt
2098 1292 2250 1337 Philo-

409 1376 551 1411 crates
582 1377 625 1411 et
655 1367 943 1424 Astymedes.
979 1367 1019 1411 b.
1055 1367 1205 1411 Multo
1237 1373 1430 1422 gravior,
1463 1382 1594 1421 quam
1626 1366 1743 1420 apud
1776 1365 2008 1420 Polybium
2041 1364 2092 1419 (c.
2125 1366 2166 1411 4,
2194 1363 2250 1418 3),

409 1454 551 1494 angor
584 1438 856 1482 Rhodiorum
887 1438 1006 1494 apud
1029 1438 1198 1482 Livium
1232 1437 1283 1492 (c.
1317 1439 1386 1484 20,
1420 1438 1445 1480 5
1473 1436 1544 1491 ss.)
1561 1436 1817 1480 describitur
1834 1436 1929 1479 fuse
1945 1445 2249 1490 exponentem,

410 1526 498 1566 qua
539 1510 595 1553 de
626 1526 673 1554 re
704 1516 845 1564 primo
878 1516 921 1553 in
954 1519 1077 1553 veste
1108 1509 1295 1553 candida
1326 1515 1407 1551 visi
1439 1515 1524 1552 sint
1557 1507 1731 1554 Rhodii,
1763 1517 1809 1551 at
1844 1518 1999 1562 postea
2030 1506 2251 1550 sordidam

410 1587 683 1636 sumpserint,
716 1597 847 1636 quam
879 1587 1013 1624 vestis
1044 1587 1326 1624 mutationem
1361 1589 1516 1634 postea
1532 1579 1705 1623 demum
1723 1589 1897 1622 enarrat
1915 1577 2126 1632 Polybius
2143 1576 2177 1632 (§
2194 1578 2249 1631 5).

410 1668 444 1695 c.
480 1651 629 1696 Multa
660 1652 794 1695 habet
826 1651 975 1696 Livius
1006 1651 1056 1706 (c.
1091 1650 1162 1706 21)
1193 1652 1249 1695 de
1280 1667 1401 1695 novo
1419 1650 1622 1705 maloque
1653 1649 1853 1705 exemplo
1885 1658 2192 1704 etapraetore
2208 1657 2252 1692 et

409 1739 437 1767 a
469 1723 651 1767 tribunis
683 1722 822 1778 plebis
853 1722 1053 1778 (quorum
1086 1728 1263 1765 nomina
1295 1737 1473 1776 quoque
1503 1720 1648 1774 affert)
1680 1720 1800 1768 dato,
1833 1721 1968 1764 multo
1992 1720 2170 1764 brevior
2186 1729 2252 1763 est

412 1794 624 1849 Polybius
655 1793 705 1848 (c.
741 1795 780 1841 4,
814 1793 868 1847 4).
903 1794 945 1837 d.
979 1792 1242 1837 Orationem
1274 1793 1392 1847 apud
1426 1792 1596 1836 Livium
1613 1791 1664 1847 (c.
1683 1790 1872 1845 22—24)
1889 1798 1982 1835 sive
1998 1790 2252 1846 Astymedis

411 1873 504 1909 sive
534 1865 643 1909 alius
676 1865 836 1908 Rhodii
868 1865 1000 1919 legati
1032 1863 1233 1918 (fortasse
1266 1862 1538 1917 Philocratis)
1570 1879 1664 1906 esse
1695 1873 1835 1917 putas,
1862 1869 2058 1906 neutrius
2070 1863 2251 1905 verbaa

413 1936 602 1991 Polybio
635 1937 809 1980 uberius
841 1935 1011 1979 reddita
1042 1951 1137 1979 esse
1167 1935 1400 1979 verisimile
1431 1945 1523 1981 est:
1547 1934 1600 1978 cf.
1620 1951 1662 1989 p.
1681 1935 1720 1977 9.
1754 1951 1790 1977 e.
1826 1933 1982 1988 Polyb.
2001 1933 2132 1980 XXX,
2151 1934 2190 1979 4,
2210 1934 2249 1976 2.

412 2010 452 2051 7.
486 2009 511 2051 8
545 2009 667 2051 deest
697 2007 815 2062 apud
848 2007 1032 2058 Livium,
1066 2017 1222 2050 contra
1255 2006 1350 2050 Liv.
1383 2022 1420 2049 c.
1455 2007 1524 2052 25.
1564 2006 1673 2048 1—3
1705 2005 1822 2059 apud
1856 2004 2102 2059 Polybium.

556 2149 668 2193 Pol.
701 2148 847 2197 XXX,
880 2150 996 2192 6-9
1027 2147 1341 2203 ςὈτι-κοτιρούς.]
1394 2147 1784 2203 Schweighaeuser
1817 2146 2049 2201 Polybium
2071 2146 2122 2201 (c.
2146 2147 2186 2193 6,
2210 2146 2252 2200 5)

412 2197 492 2241 HI·
554 2237 649 2265 cum
699 2220 826 2264 Livio
872 2219 1030 2275 (XLV,
1079 2221 1148 2267 31,
1197 2219 1238 2273 4)
1284 2235 1546 2274 comparans
1592 2218 1704 2262 hanc
1746 2219 1943 2273 eclogam
1976 2218 2088 2262 libro
2119 2217 2252 2261 XXX

415 2292 588 2347 Polybii
621 2292 839 2346 rebusque
869 2297 971 2334 anni
1009 2292 1089 2334 168
1118 2292 1198 2334 167
1231 2297 1274 2333 in
1298 2291 1422 2333 Italia
1443 2297 1576 2346 gestis
1596 2290 1821 2336 attribuit;
1845 2289 1921 2333 sed
1944 2289 2079 2332 multo
2102 2289 2252 2332 melius

415 2364 525 2407 Livii
572 2364 693 2407 locus
734 2363 791 2406 ad
839 2362 933 2406 Pol.
982 2378 1018 2405 c.
1073 2363 1137 2418 10,
1187 2363 1212 2404 2
1245 2378 1299 2405 ss.
1347 2361 1531 2404 refertur
1577 2360 1694 2414 (vide
1740 2377 1782 2415 p.
1831 2362 1887 2403 24
1933 2376 1990 2406 s.;
2035 2359 2251 2414 Metzung

414 2452 455 2490 p.
489 2436 515 2478 7
549 2434 631 2488 ss.).
666 2434 828 2480 Livius,
866 2449 1014 2488 porro,
1047 2433 1102 2476 l.l.
1136 2433 1192 2476 de
1223 2433 1352 2476 rebus
1386 2432 1536 2475 Italiae
1572 2433 1652 2475 168
1681 2432 1760 2474 167
1793 2447 1882 2474 non
1899 2437 2119 2486 agitziam
2138 2437 2251 2474 enim

414 2516 545 2561 caput
578 2507 633 2548 26
666 2512 830 2548 initium
863 2520 1005 2551 rerum
1038 2503 1255 2547 Graeciae
1286 2510 1377 2547 eius
1407 2509 1509 2546 anni
1541 2509 1748 2546 continet.
1783 2501 1903 2550 Quia
1924 2511 2069 2545 autem
2092 2508 2251 2548 omnia,

415 2594 529 2632 quae
579 2576 793 2631 capitibus
840 2576 955 2619 6—9
1002 2575 1057 2618 de
1107 2574 1347 2629 Polyarato
1394 2583 1637 2620 narrantur,
1685 2579 1850 2627 optime
1895 2589 2013 2616 anno
2065 2573 2251 2619 169s168

416 2658 539 2704 gesta
585 2663 680 2691 esse
725 2656 921 2702 possunt.
969 2662 1049 2690 nec
1081 2653 1313 2701 quicquam
1346 2654 1423 2692 est,
1456 2661 1532 2688 cur
1564 2660 1653 2687 non
1686 2660 1751 2691 ea,
1784 2653 1830 2687 ut
1861 2656 2029 2687 ceteras
2061 2643 2251 2687 eiusdem

415 2726 517 2763 anni
574 2735 655 2766 res,
707 2718 819 2761 libro
865 2716 1020 2760 XXIX
1065 2718 1225 2760 tradita
1272 2726 1484 2770 putemus,
1533 2725 1651 2759 recte
1700 2714 1914 2769 Metzung
1961 2715 2016 2757 l.l.
2065 2724 2109 2758 et
2154 2730 2251 2758 eum

416 2802 588 2834 secutus
628 2806 670 2832 v.
714 2787 879 2832 Gelder
920 2787 1188 2832 Geschichte
1219 2787 1299 2831 der
1328 2787 1444 2831 alten
1476 2785 1678 2835 Rhodiet·
1705 2803 1744 2840 p.
1784 2787 1877 2832 153,
1912 2786 2023 2829 hanc
2055 2785 2252 2840 eclogam

416 2862 529 2905 libro
575 2861 632 2903 illi
678 2860 933 2903 attribuunt.
997 2858 1152 2902 Codex
1198 2867 1343 2901 autem
1377 2857 1674 2901 Peirescianus
1707 2867 1872 2900 tantum
1904 2857 2042 2903 abest,
2077 2865 2123 2899 ut
2154 2856 2253 2900 huic

417 2939 613 2987 opinioni
667 2931 939 2977 adversatur,
997 2940 1042 2973 ut
1095 2945 1190 2973 eam
1243 2935 1387 2984 potius
1437 2928 1659 2972 affirmare
1710 2927 1922 2970 videatur.
1986 2926 2253 2982 Fragmento

418 3010 544 3049 enim,
592 3002 712 3057 quod
758 3001 993 3056 praecedit,
1040 3017 1080 3043 n.
1130 3001 1200 3047 97,
1248 3015 1288 3054 p.
1329 3000 1408 3042 179
1443 2998 1577 3045 Roos,
1611 3005 1653 3041 in
1680 2998 1832 3047 codice
1862 3004 2155 3052 antepositum
2188 3006 2253 3040 est
