2430 3632
330 158 378 173 d'·

861 229 900 260 c.
948 228 1206 261 comen-rus
1232 231 1474 264 ΑΜΡκιΡοιι.
2113 228 2161 266 29

150 365 154 368 ,
346 324 473 368 Diod.
501 325 659 371 xxm.
685 327 724 371 8,
752 327 790 367 8.
818 326 887 368 Di.
1528 330 1615 372 mv.
1644 331 1779 377 xcv.
1806 333 1870 373 32.
2129 387 2137 391 ‘

80 430 85 439 ³
172 409 316 459 Genea.
369 410 536 457 Syma,
554 402 673 451 ,ἐπὶ
727 400 910 457 τούτοις
957 402 986 450 ὁ
1040 403 1130 450 Αἰ·
1201 401 1277 448 ΑΙ)
1323 410 1445 449 seriis
1490 404 1621 450 rebus
1665 405 1891 455 ludicrum.
1937 406 2059 463 quod
2103 422 2157 453 ex
2176 417 2195 446 8

173 454 527 506 Μῑῑκδ·
597 473 751 536 μίλιος
803 474 1015 546 ἀγῶνας.
1050 474 1130 521 καὶ
1203 474 1340 519 multo
1359 484 1465 519 ante
1485 486 1752 532 praeparato
1772 486 1818 522 et
1838 483 1882 522 in
1898 475 2035 523 Asiae
2049 484 2158 523 civi-

597 544 776 599 πότους
834 545 1131 608 μεγαλοπρε-
1203 554 1317 590 tates
1356 555 1401 590 et
1436 546 1495 591 ad
1526 561 1654 603 reqes
1683 554 1836 596 missis.
1877 554 1953 604 qui
1987 549 2157 594 denun-

596 614 699 670 πὲΐς
728 624 794 679 τῷ
820 615 995 680 πλήθει
1019 633 1129 663 συν-
1202 622 1374 665 tiarent.
1405 627 1463 665 et.
1494 633 1592 662 cum
1623 624 1870 664 circumiret
1899 626 1994 675 ipse
2013 618 2156 666 Grae-

597 686 741 742 τάξας
1154 703 1173 732 5
1199 694 1295 732 ciae
1347 694 1563 737 civitates.
1609 688 1823 735 indixerat
1873 692 2156 748 principibus.

1201 774 1364 815 maqno
1388 770 1607 816 apparatu
1627 759 1886 818 Amphipoli
1905 762 2022 808 fecit.
2053 779 2155 808 nam
2175 774 2195 804 9

80 855 82 857 >
169 826 234 874 α’
258 826 476 874 artificum
522 833 664 872 omnis
708 834 895 884 generis.
932 834 1007 884 qui
1038 828 1247 874 ludicram
1277 839 1416 875 artem
1448 830 1682 879 faciebant.
1714 847 1767 877 ex
1798 842 1896 878 toto
1926 834 2038 879 orbe
2068 845 2155 880 ter-

170 913 316 944 ratum
364 895 540 954 [omnis]
587 898 819 943 multitudo
850 908 895 944 et
923 899 1186 945 athletarum
1218 911 1262 945 et
1292 901 1502 946 nobilium
1533 917 1747 958 equorum
1777 911 1987 949 convenit
2017 916 2061 951 et
2092 906 2154 952 le-

169 975 373 1028 gationes
415 985 515 1015 cum
562 976 748 1014 victimis
792 980 837 1014 et
882 970 1094 1027 quidquid
1140 972 1258 1016 aliud
1302 972 1485 1017 deorum
1532 973 1846 1031 hominumque
1889 991 2022 1021 causa
2058 977 2153 1022 fieri

117 1050 154 1082 ιο
170 1046 342 1099 naonis
370 1040 483 1086 ludis
511 1046 555 1085 in
586 1039 777 1086 Graecia
807 1030 932 1089 solet,
965 1048 1025 1086 ita
1046 1041 1208 1087 factum
1225 1053 1304 1091 est.
1322 1054 1369 1088 ut
1385 1059 1475 1088 non
1492 1045 1859 1101 magnificentiam
1877 1056 2058 1096 tantum.
2075 1050 2152 1094 sed
2177 1060 2209 1088 ¹⁰

169 1111 446 1169 prudentiam
466 1117 510 1156 in
531 1111 688 1157 dandis
709 1113 980 1167 spectaculis,
1000 1113 1059 1157 ad
1075 1129 1190 1168 quae
1206 1114 1335 1159 rudoe
1351 1124 1442 1159 tum
1460 1114 1648 1160 Romani
1664 1126 1803 1165 erant.
1819 1117 2151 1164 admirarentur.

803 1216 890 1258 Pol.
919 1206 1058 1261 xxx.
1088 1219 1139 1258 22
1167 1218 1334 1264 B.-w.;
1368 1220 1414 1260 14
1443 1219 1524 1260 flu.

166 1300 302 1339 Adur».
336 1302 393 1341 14,
416 1315 453 1347 ρ.
491 1295 667 1351 2204)
715 1291 925 1347 Λεύκιος
955 1293 1008 1340 ὁὲ
1033 1292 1250 1349 Ἀνίκιος,
1279 1294 1358 1340 καὶ
1386 1293 1529 1349 αὐτὸς
1548 1294 1786 1358 Ῥωμαίων
1808 1298 2150 1361 στρατηγήσας,

188 1348 424 1387 ‘¹⁵⁸‘⁶¹⁵‘·
451 1371 459 1378 '
483 1362 739 1425 Ἰλλυριοὺς
768 1364 1166 1427 καταπολεμήσας
1194 1365 1274 1412 καὶ
1303 1365 1602 1429 αἰχμάλωτον
1625 1367 1824 1430 ἀγαγὼν
1848 1368 2052 1416 Γένθιον
2074 1370 2157 1418 τὸν

164 1438 261 1483 τῶν
288 1433 529 1496 Ἰλλυριῶν
562 1434 758 1497 βασιλέα
795 1433 884 1482 σὺν
919 1441 1015 1490 τοῖς
1051 1435 1240 1492 τέκνοις,
1282 1437 1475 1499 ἀγῶνας
1508 1437 1728 1485 ἐπιτελῶν
1764 1438 1874 1494 τοὺς
1902 1440 2156 1496 ἐπινικίους

165 1505 219 1554 ἑν
269 1511 328 1570 τῇ
377 1505 531 1569 Ῥώμῃ
585 1506 762 1561 παντὸς
816 1507 1020 1569 γέλωτος
1072 1508 1180 1561 ἄξια
1233 1508 1490 1571 πράγματα
1532 1509 1763 1573 ἐποίησεν,
1805 1510 1872 1566 ὡς
1907 1510 2155 1574 Πολύβιος
2175 1529 2207 1557 15

129 1591 151 1622 2
166 1577 346 1640 ἱστορεῖ
391 1577 444 1624 ἐν
496 1582 554 1641 τῇ
608 1583 873 1641 τριακοστῇ.
926 1578 1358 1642 μεταπεμψάμενος
1412 1579 1505 1642 γὰρ
1554 1578 1664 1635 τοὺς
1710 1581 1765 1627 ἐκ
1812 1588 1895 1645 τῆς
1930 1582 2155 1638 Ἑλλάδος

164 1647 560 1713 ἐπιφανεστάτους
595 1650 801 1712 τεχνίτας
837 1649 917 1695 καὶ
953 1650 1138 1713 σκηνὴν
1173 1651 1530 1705 κατασκευάσας
1565 1653 1789 1715 μεγίστην
1823 1653 1875 1699 ἐν
1905 1662 1969 1715 τῷ
1999 1656 2153 1717 κίρκῳ

127 1734 148 1765 ³
163 1718 386 1783 πρώτους
437 1721 625 1783 εἰσῆγεν
678 1720 886 1783 αὐλητὰς
939 1722 1038 1783 ἅμα
1092 1721 1281 1775 πάντας.
1348 1721 1477 1768 οὗτοι
1531 1721 1575 1768 δ’
1634 1723 1756 1786 ἦσαν
1814 1724 2070 1786 Θεόδωρος
2122 1727 2150 1773 ὁ

164 1789 408 1847 Βοιώτιος,
466 1790 768 1854 Θεόπομπος,
811 1790 1094 1854 Ἕρμιππος,
1141 1789 1225 1858 [ὁ]
1267 1793 1561 1857 Λυσίμαχος,
1603 1796 1765 1849 οἵτινες
1799 1795 2150 1858 ἐπιφανέστατοι

127 1877 147 1906 ⁴
164 1861 299 1927 ἦσαν.
352 1861 548 1917 τούτους
601 1861 689 1910 οὖν
741 1862 917 1926 στήσας
970 1864 1045 1910 ἐπὶ
1099 1863 1151 1910 τὸ
1193 1864 1488 1927 προσκήνιον
1533 1864 1649 1927 μετὰ
1686 1870 1770 1912 τοῦ
1805 1871 1959 1929 χοροῦ
1994 1868 2152 1915 αὐλεῖν
2169 1882 2205 1911 an

126 1948 148 1979 5
162 1932 406 1999 ἐκέλευσεν
459 1934 558 1996 ἅμα
612 1934 802 1990 πάντας.
859 1939 951 1981 τῶν
1004 1935 1056 1981 δὲ
1094 1935 1509 1997 διαπορευομένων
1544 1936 1627 1990 τὰς
1662 1935 1881 1998 κρούσεις
1914 1938 2029 2000 μετὰ
2067 1945 2151 2002 τῆς

162 2003 471 2069 ἁρμοζούσης
523 2005 754 2069 κινήσεως
805 2005 1130 2069 προσπέμψας
1172 2006 1262 2053 οὐκ
1305 2006 1398 2070 ἔφη
1436 2007 1595 2061 καλῶς
1631 2006 1804 2062 αὐτοὺς
1840 2009 2012 2071 αὐλεῖν,
2050 2010 2146 2057 ἀλλ’

216 2238 251 2269 ιο
302 2226 410 2268 ὃόεἰ.
424 2226 586 2272 Kaibel:
602 2227 617 2267 ἐ
635 2229 898 2282 Αρσιμαχιύς
912 2226 1119 2279 Schweiq-
1266 2242 1274 2268 ι
1334 2228 1601 2281 ludicrum]
1630 2228 1693 2269 ed.
1710 2228 1800 2269 Bas.
1822 2230 1933 2274 1531.
1949 2231 2144 2271 ludorum.

160 2278 312 2325 hauet.
332 2286 424 2322 item
445 2280 686 2331 Θεόπομπς
706 2282 739 2324 (ὲ
757 2281 993 2331 Ἑρμιονεύς)
1009 2281 1115 2321 Mei·
1258 2294 1277 2323 5
1331 2288 1341 2322 i
1357 2296 1383 2322 n
1397 2282 1424 2322 d
1439 2288 1450 2322 i
1467 2296 1491 2322 x
1506 2295 1528 2322 e
1544 2296 1561 2321 t
1574 2296 1599 2322 a
1613 2282 1645 2334 t]
1687 2282 1840 2326 eadem.
1869 2284 2091 2335 indignato.

160 2333 285 2380 neke:
304 2333 566 2386 Lysimachus
580 2334 726 2375 tibicen
741 2334 924 2375 Eucratis
939 2334 964 2375 i.
982 2334 1116 2375 Boeo-
1258 2347 1278 2376 ⁸
1334 2335 1546 2387 [omnis]
1588 2335 1665 2375 del.
1694 2335 1757 2376 ed.
1788 2335 1878 2377 Bas.
1913 2338 2024 2378 1531.

160 2392 239 2429 uus
265 2393 305 2429 in
328 2387 447 2429 titulo
460 2386 676 2440 Delphico.
704 2387 1118 2439 (Wescher-Foucart

159 2454 199 2481 ¹²·
228 2440 268 2493 5)
293 2439 479 2492 (Kaibel.)

233 2654 242 2682 ι
300 2640 367 2683 De
395 2641 499 2683 Plut.
527 2640 643 2683 Aem.
674 2640 787 2683 Paul.
816 2656 851 2683 c.
882 2643 932 2683 28
961 2642 1054 2683 vide
1080 2657 1173 2694 app.
1204 2642 1273 2683 xl.

214 2706 294 2744 129.
311 2706 356 2741 ω,
377 2706 411 2738 ιο
464 2695 994 2749 Acamas—suffragata]-
1016 2695 1108 2737 Hoc
1138 2696 1398 2748 fragmentum
1421 2696 1473 2736 ad
1497 2703 1622 2747 ipsam
1638 2696 1821 2747 triumphi
1835 2696 2141 2749 descriptionem

393 2757 510 2801 putes
550 2749 607 2799 (ut
648 2758 789 2801 putant
830 2748 1174 2801 schweighauser.
1217 2749 1413 2801 Metzunq
1485 2781 1493 2788 .
1536 2750 1572 2789 9.
1602 2763 1667 2792 ss..
1697 2748 1951 2802 Steiqemann
1979 2751 2033 2791 de
2061 2749 2140 2791 Po-

157 2800 255 2854 lybii
295 2799 586 2854 olympiadum
629 2808 784 2843 ratione
825 2811 868 2843 et
906 2808 1144 2843 oeconomia
1186 2817 1224 2853 p.
1268 2804 1319 2843 43
1358 2816 1403 2846 s..
1486 2802 1856 2853 uettner-Wobst):
1892 2812 1933 2844 at
1961 2810 2054 2854 quia
2082 2810 2140 2845 iu-

157 2853 292 2907 telleqi
331 2868 415 2896 non
457 2863 602 2907 potest.
644 2870 714 2896 cur
755 2862 794 2896 in
835 2856 1019 2907 triumphi
1060 2856 1327 2906 descriptione
1369 2855 1564 2907 Polybius
1592 2856 1694 2896 hanc
1723 2870 1801 2897 rem
1831 2866 1909 2897 tam
1938 2857 2139 2898 ridiculam

157 2905 375 2950 memor‘are
417 2908 600 2953 voluerit,
642 2909 769 2950 multo
810 2915 953 2950 rectius
993 2909 1245 2950 statuendum
1288 2909 1444 2950 videtur
1481 2909 1592 2950 Pauli
1621 2916 1782 2961 ingenio
1810 2910 1886 2950 boc
1916 2917 2140 2951 rusticitatis

157 2958 430 3003 Romanorum
470 2962 692 3014 exemplum
730 2970 962 3013 oppositum
991 2976 1092 3005 esse.
1119 2978 1143 3002 a
1173 2962 1289 3003 Livio
1318 2963 1449 3002 verbis
1478 2962 1554 3006 ..ad
1582 2976 1685 3013 quae
1713 2963 1830 3003 rudes
1858 2973 1937 3003 tum
1969 2962 2138 3004 Romani

155 3015 293 3056 enne·
321 3024 565 3059 excusatum.
595 3026 637 3056 ut
664 3014 814 3056 Nissen
844 3030 881 3066 p.
917 3017 1001 3059 102.
1032 3016 1108 3056 277
1137 3025 1175 3055 et
1208 3015 1376 3056 Hultscb
1406 3025 1556 3066 putant.
