2430 3632
961 264 1001 296 D.
1050 265 1246 298 DlREPTlO
1270 266 1387 298 apim.
2120 262 2168 299 33

915 362 1018 404 Plut.
1047 363 1164 405 Aem.
1194 364 1308 405 Paul.
1337 379 1371 406 c.
1403 365 1465 406 29.
1619 365 1705 407 Liv.
1734 365 1868 411 XLV.
1897 366 2067 410 32—34.
2094 367 2133 410 9.

873 438 1088 494 ἑκάστας
1124 438 1176 486 δὲ
1211 439 1512 503 συνέπεμψεν
1565 462 1645 502 per
1674 462 1829 492 omnes
1857 453 2059 492 civitate·
2087 462 2165 492 co-

874 509 942 564 ὧς
988 508 1057 557 ἐπ’
1109 510 1225 557 αὐτὸ
1267 510 1331 574 δὴ
1373 515 1511 558 τοῦτο
1565 518 1715 563 horta
1755 517 1929 563 dimisit.
1974 527 2080 563 ante
2119 523 2163 562 in
2183 527 2202 557 3

872 580 1096 644 φρουράν
1117 587 1412 643 στρατιωτῶν
1430 581 1510 629 καὶ
1564 589 1793 635 ulteriora
1821 604 1954 646 quam
1984 595 2030 634 in
2060 604 2163 644 pro-

874 652 1128 716 ταξίαρχον
1159 651 1511 716 προσποιούμε·
1565 667 1712 716 piores
1751 658 1952 716 profecti.
1989 669 2038 704 ut
2075 675 2164 704 uno

836 738 856 767 5
873 740 958 770 νον
1014 725 1169 787 ζητεῖν
1221 724 1301 771 καὶ
1356 741 1511 786 παρα-
1529 738 1548 767 ⁵
1565 732 1638 777 die
1676 737 1721 777 in
1761 745 1916 776 omnes
1960 737 2163 787 perveni-

874 794 1133 857 λαμβάνειν
1196 794 1248 842 τὸ
1302 797 1509 859 χρυσίον.
1564 812 1695 848 retur.
1781 801 1899 847 edita
1979 801 2164 847 tribunis

873 865 1101 930 ἕνΰῑᾶῦης
1159 866 1212 913 δὲ
1260 872 1343 930 ῐῆς
1395 866 1510 930 ἦμέ-
1561 873 1979 930 centurionibusque
2023 883 2162 920 erant.

873 954 975 999 ρας,
1034 936 1111 999 ὑφ’
1168 938 1249 984 ἕνα
1302 937 1381 984 καὶ
1429 937 1511 985 τὸν
1562 961 1678 1002 quae
1686 954 1935 1001 agerentur.
1948 960 2163 989 manean-

873 1008 1019 1056 αὖτὸν
1042 1009 1141 1071 ἅμα
1167 1008 1336 1071 καιρὸν
1356 1008 1510 1072 ὁρμή-
1563 1032 1658 1061 rum
1689 1031 1821 1060 omne
1844 1025 2163 1071 argentumque

831 1092 1036 1135 ιοσαντες
1082 1079 1340 1141 ἐτράποντο
1387 1079 1511 1141 πρὸς
1523 1087 1798 1135 ¹0collatum2
1850 1086 1961 1131 hora
2005 1097 2163 1142 quarta

872 1150 1184 1214 καταδρομὴν
1206 1151 1286 1198 καὶ
1309 1151 1508 1212 διαρπα·
1561 1165 1733 1214 siqnum
1788 1158 1847 1202 ad
1896 1157 2164 1213 diripiendas

874 1222 967 1286 γὴν
1013 1227 1107 1269 τῶν
1146 1222 1344 1279 πόλεων,
1391 1222 1510 1269 ὥστε
1562 1229 1848 1274 urbesdatum
1860 1239 1926 1273 est
1938 1229 2160 1276 militibus:

183 357 274 402 Pol.
287 358 419 405 XXX.
438 361 485 402 15
505 360 655 408 B-w.;
676 363 723 403 16
739 362 819 404 Hu.

479 1360 481 1362 ι
872 1294 977 1357 ὥρᾳ
1056 1299 1142 1357 μιᾷ
1217 1294 1508 1341 πεντεκαίδε-
1563 1311 1774 1356 tantaque
1800 1300 1966 1355 praeda
1993 1300 2085 1347 fuit.
2114 1310 2161 1345 ut
2181 1311 2199 1339 ⁵

217 1372 354 1412 Strabo
447 1364 522 1413 ’15
553 1366 642 1423 (16)
713 1363 819 1411 Τῶν
871 1383 934 1413 κα
972 1364 1247 1427 ἀνθρώπων
1281 1365 1508 1425 ἑξανδρα-
1563 1378 1607 1416 in
1647 1378 1836 1428 equitem
1873 1371 2160 1427 quadringeni

185 1420 266 1463 vm
295 1421 329 1462 ⁷·
358 1421 393 1458 3·
467 1440 586 1499 γοῦν
655 1435 1158 1499 Ἡπει-ι5ποδισθῆναι
1257 1435 1503 1499 μυριάδας,
1522 1451 1553 1479 15
1562 1443 1742 1490 denarii,
1779 1443 1999 1498 peditibus
2029 1442 2159 1487 duce-

178 1512 348 1572 ρωτῶν
370 1506 704 1571 ἑβδομήκοντα
729 1506 818 1554 πό·
870 1507 1203 1571 ἑβδομήκοντα
1253 1507 1304 1555 δὲ
1352 1506 1510 1562 πόλεις
1563 1521 1606 1559 ni
1642 1514 1955 1561 dividerentur,
1987 1525 2160 1559 centum

178 1579 274 1636 λας
360 1577 610 1641 Πολύβιός
673 1596 818 1642 φησιν
870 1578 1199 1642 πορθηθῆναι,
1290 1578 1509 1641 γενέσθαι
1562 1592 1880 1642 quinquaqinta
1896 1586 2026 1630 minsa
2041 1592 2161 1641 capi-

177 1650 443 1715 άνατρέψαι
490 1650 692 1697 Παῦλον
737 1649 818 1696 τὸν
871 1650 915 1697 δ’
942 1650 1039 1697 ἀπὸ
1064 1648 1294 1714 τοσαύτης
1315 1649 1510 1713 φθορᾶς
1562 1667 1652 1702 tum
1670 1656 1957 1701 humanorum
1969 1656 2160 1701 abduce-

178 1721 401 1786 Αἰμίλιον
434 1721 550 1785 μετὰ
587 1721 673 1785 τὴν
703 1721 816 1768 Μα·
871 1721 951 1769 καὶ
971 1721 1303 1783 πανωλεθρίας
1326 1720 1509 1782 ἕκάσῒῳ
1562 1727 2159 1783 rentut.mutideindedirep-
2180 1738 2199 1767 6

178 1793 391 1842 κινδύνων
448 1792 528 1840 καὶ
587 1792 1124 1856 Περσέωςᾌοστρατιώτῃ
1161 1792 1246 1855 τὴν
1281 1792 1414 1839 δόσιν
1447 1791 1701 1843 οὐωωωω
1718 1798 1887 1843 urbium
1899 1798 2029 1843 diruti
2041 1810 2158 1846 sunu

178 1864 442 1914 κατάλυσιν.
476 1863 739 1912 Μολοττῶν
769 1862 812 1911 δ’
868 1866 1032 1928 μεῖζον
1062 1864 1229 1911 ἕνδεκα
1261 1864 1502 1926 δραχμῶν,
1561 1869 1749 1914 eaiuere
1761 1869 1925 1924 oppida
1936 1876 2159 1925 circasep-

178 1935 386 1999 ὑπάρξαι
410 1956 431 1975 ·
450 1934 533 1990 τὰς
590 1935 815 1989 πλείστας·
869 1932 1055 2002 [φρῖξαι
1103 1935 1155 1982 δὲ
1202 1935 1380 1988 πάντας
1426 1935 1507 1980 ἀν·
1561 1947 1773 1996 tuaqinta.
1801 1940 1980 1985 vendita
1997 1941 2160 1995 praeda

177 2006 315 2056 πέντε
355 2006 408 2055 δὲ
451 2006 531 2054 καὶ
573 2006 689 2055 δέκα
725 2023 815 2069 μυ,-
869 2006 1102 2069 θρώπους
1123 2006 1175 2053 τὸ
1195 2010 1277 2053 τοῦ
1295 2005 1508 2067 πολέμου
1561 2018 1725 2058 omnis:
1767 2011 1867 2055 inde
1903 2027 1957 2055 ea
1993 2028 2159 2056 summa

178 2077 348 2142 ριάδας
378 2078 655 2141 ἀνθρώπων
683 2078 817 2133 ἑξαν-
870 2078 1011 2133 τέλος,
1038 2079 1103 2132 εἰς
1120 2076 1294 2139 μικρὸν
1312 2076 1435 2123 οὕτω
1455 2075 1507 2122 τὸ
1562 2082 1682 2126 militi
1714 2092 1985 2127 numeratum
2017 2093 2095 2127 est.

178 2149 572 2212 δραποδίσασθαι.
826 2149 987 2197 ὄπισθ’
1015 2150 1214 2196 ἕκαστον
1240 2148 1403 2211 λῆμμα
1429 2146 1553 2193 >calz

870 2220 1043 2282 κέρδος
1071 2220 1245 2274 ἔθνους
1276 2218 1392 2265 ὅλου
1422 2236 1507 2264 κα-

870 2286 1357 2356 τακερματισθέντος]

1614 2299 1665 2329 34
1721 2288 2050 2341 propiores]
2098 2289 2160 2329 ed.

1563 2340 1667 2383 Bas..
1694 2346 1963 2391 proprietatis.

1615 2406 1651 2435 Β
1726 2400 1933 2438 omnis:
2001 2395 2160 2447 inde]

880 2374 1015 2447 -e—bp’
1045 2394 1203 2436 iit-fiske,
1239 2393 1287 2443 ’φ’
1318 2407 1355 2431 ν,

1563 2446 1748 2499 Madvig.
1777 2448 2019 2488 omniumde.

902 2462 933 2489 1.·
956 2450 1106 2487 πόλεων
1116 2461 1248 2488 anon..
1262 2451 1457 2494 misus-am
1468 2461 1506 2486 v.

237 2537 271 2568 io
322 2523 389 2567 De
417 2525 517 2567 Plin.
547 2540 585 2566 n.
602 2525 641 2566 h.
670 2524 744 2568 IV.
774 2526 824 2566 39
853 2525 946 2565 vide
973 2539 1066 2576 app.
1098 2523 1196 2564 xiil.

233 2591 291 2622 211³
350 2578 485 2620 ἕνδεκα
521 2578 732 2633 δρκχμὼν]
763 2579 895 2619 Huius
922 2592 1096 2618 summae
1124 2584 1319 2629 exiguitas
1347 2585 1425 2616 tam
1455 2576 1617 2617 ridicula
1645 2585 1717 2618 est.
1742 2586 1796 2619 ut.
1826 2583 1899 2617 nisi
1928 2576 2162 2618 Plutarchus

179 2638 381 2676 etz-verit.
408 2632 537 2673 labem
564 2639 800 2684 concepisse
828 2639 912 2674 eius
928 2632 1050 2672 verba
1065 2637 1252 2673 conicias.
1268 2644 1506 2681 quamquam
1521 2631 1634 2670 aliter
1648 2637 1775 2671 visum
1791 2629 1937 2671 Niesio
1951 2630 2000 2671 111
2016 2646 2051 2682 p.
2077 2632 2159 2672 187.

180 2684 220 2728 Is
230 2692 418 2738 captivos
431 2693 492 2727 tot
506 2699 683 2729 numero.
697 2686 974 2726 deficientibus
988 2690 1215 2736 praesertim
1231 2690 1472 2726 necessariis.
1487 2689 1554 2734 qui
1569 2697 1641 2724 eos
1656 2683 1843 2724 redimere
1858 2693 2036 2734 possent.
2051 2691 2161 2725 mini-

182 2745 255 2780 mis
282 2745 416 2791 pretiis
444 2745 615 2780 veniisse
642 2747 832 2780 autumat.
862 2738 989 2783 Quod
1006 2738 1096 2778 licet
1111 2737 1318 2788 probabile
1332 2744 1393 2780 sit.
1410 2745 1552 2780 tamen.
1569 2746 1611 2777 ut
1625 2737 1675 2777 de
1690 2745 1820 2778 cetera
1835 2737 1983 2787 praeda
1997 2746 2160 2779 taceam.

181 2798 251 2834 vix
276 2792 517 2834 credendum
544 2799 731 2843 captivos
753 2799 954 2843 quaternis
969 2791 1048 2831 fere
1063 2791 1232 2831 denariis
1247 2790 1322 2830 sub
1338 2791 1450 2830 hasta
1465 2796 1635 2830 veniisse
1649 2790 1835 2839 (150000
1858 2799 1889 2832 ><
1912 2792 1936 2830 4
1973 2791 2163 2831 *6oo.ooo

179 2845 350 2892 denarii:
372 2852 405 2886 si
428 2845 591 2887 millium
616 2845 887 2887 Romanorum
911 2850 1198 2895 quinquaqinta
1222 2843 1301 2883 fere
1325 2843 1479 2883 milibus
1504 2843 1689 2893 praedam
1713 2843 1845 2883 datam
1860 2857 1947 2884 esse
1962 2850 2161 2887 sumimus.

181 2898 330 2941 undeni
350 2898 499 2940 denarii
522 2906 666 2950 cuique
688 2899 771 2939 dati
794 2912 982 2939 summam
1007 2897 1184 2938 efficiunt
1209 2897 1379 2937 550.ooo
1402 2897 1676 2945 denariorum).
1702 2895 1767 2937 Cf.
1792 2894 1942 2938 Nissen
1966 2911 2003 2948 ρ.
2026 2898 2103 2938 303
2117 2911 2161 2940 s..

181 2950 396 2994 Schema
422 2967 462 3004 p.
492 2953 568 2998 532
597 2952 708 3003 quod
735 2962 866 2992 autem
896 2952 947 2991 ad
973 2951 1057 2991 Liv.
1084 2949 1215 2993 XLV.
1241 2950 1303 2992 34.
1327 2950 1349 2989 7
1375 2963 1426 2989 ss.
1451 2955 1602 2992 attinet.
1627 2950 1693 2990 ubi
1710 2949 1846 2990 Livius
1860 2950 2000 2991 milites
2015 2950 2162 3001 praeda

181 3018 266 3048 non
291 3013 507 3047 contentos
535 3005 654 3046 fuisse
682 3015 825 3049 narrat.
854 3004 917 3055 (cf.
947 3004 1073 3044 Niese
1101 3004 1180 3053 1.Ι.).
1211 3004 1263 3043 ibi
1290 3002 1341 3043 de
1371 3002 1517 3053 praeda
1546 3001 1820 3043 Macedonica
1849 3017 1979 3044 sermo
2006 3012 2077 3043 est.

234 3069 343 3101 n-zin
383 3057 1043 3111 φρῖξαι-κκτκκερμπτισὲτζντες.]
1082 3056 1136 3099 Si.
1164 3070 1267 3107 quae
1296 3056 1419 3096 modo
1446 3055 1527 3095 dixi
1559 3055 1610 3095 de
1639 3056 1786 3106 praeda
1815 3055 2030 3106 Epirotica.
2059 3066 2163 3097 recte

2147 3129 2164 3155 ‚¹0
