<?xml version="1.0" encoding="UTF-8"?>
<!DOCTYPE html PUBLIC "-//W3C//DTD XHTML 1.0 Transitional//EN"
    "http://www.w3.org/TR/xhtml1/DTD/xhtml1-transitional.dtd">
<html xmlns="http://www.w3.org/1999/xhtml" xml:lang="en" lang="en">
 <head>
  <title>
</title>
<meta http-equiv="Content-Type" content="text/html;charset=utf-8" />
  <meta name='ocr-system' content='tesseract 3.04.00' />
  <meta name='ocr-capabilities' content='ocr_page ocr_carea ocr_par ocr_line ocrx_word'/>
</head>
<body>
  <div class='ocr_page' id='page_1' title='image "./historiarumliber00polyuoft_0036.png"; bbox 0 0 2430 3632; ppageno 0'>
   <div class='ocr_carea' id='block_1_1' title="bbox 317 268 1651 319">
    <p class='ocr_par' dir='ltr' id='par_1_1' title="bbox 317 268 1651 319">
     <span class='ocr_line' id='line_1_1' title="bbox 317 268 1651 319; baseline -0.001 -13"><span class='ocrx_word' id='word_1_1' title='bbox 317 271 363 306; x_wconf 85' lang='lat'><em>24</em></span> <span class='ocrx_word' id='word_1_2' title='bbox 730 314 734 319; x_wconf 90' lang='lat'>.</span> <span class='ocrx_word' id='word_1_3' title='bbox 974 274 1131 304; x_wconf 81' lang='lat' dir='ltr'><strong>OLYMP.</strong></span> <span class='ocrx_word' id='word_1_4' title='bbox 1160 268 1238 311; x_wconf 87' lang='lat'>153,</span> <span class='ocrx_word' id='word_1_5' title='bbox 1268 269 1304 303; x_wconf 89' lang='lat'><em>1:</em></span> <span class='ocrx_word' id='word_1_6' title='bbox 1330 274 1405 306; x_wconf 77' lang='lat' dir='ltr'><em>RES</em></span> <span class='ocrx_word' id='word_1_7' title='bbox 1431 275 1651 306; x_wconf 73' lang='lat' dir='ltr'><strong>GRAECIAE.</strong></span> 
     </span>
    </p>
   </div>
   <div class='ocr_carea' id='block_1_2' title="bbox 934 371 1674 418">
    <p class='ocr_par' dir='ltr' id='par_1_2' title="bbox 934 371 1674 418">
     <span class='ocr_line' id='line_1_2' title="bbox 934 371 1674 418; baseline 0.001 -6"><span class='ocrx_word' id='word_1_8' title='bbox 934 371 1021 412; x_wconf 84' lang='lat' dir='ltr'>Pol.</span> <span class='ocrx_word' id='word_1_9' title='bbox 1051 371 1189 415; x_wconf 84' lang='lat' dir='ltr'><strong>XXX.</strong></span> <span class='ocrx_word' id='word_1_10' title='bbox 1223 373 1375 412; x_wconf 78' lang='lat'>11—12</span> <span class='ocrx_word' id='word_1_11' title='bbox 1403 372 1563 418; x_wconf 83' lang='lat' dir='ltr'>B-W.;</span> <span class='ocrx_word' id='word_1_12' title='bbox 1593 373 1674 413; x_wconf 85' lang='lat' dir='ltr'><em>Hu.</em></span> 
     </span>
    </p>
   </div>
   <div class='ocr_carea' id='block_1_3' title="bbox 279 446 2353 1789">
    <p class='ocr_par' dir='ltr' id='par_1_3' title="bbox 279 446 2353 1789">
     <span class='ocr_line' id='line_1_3' title="bbox 318 446 2334 529; baseline -0.001 -31"><span class='ocrx_word' id='word_1_13' title='bbox 318 494 352 529; x_wconf 76' lang='grc' dir='ltr'><em>Ε</em></span> <span class='ocrx_word' id='word_1_14' title='bbox 442 493 511 527; x_wconf 88' lang='lat' dir='ltr'><em>Vl</em></span> <span class='ocrx_word' id='word_1_15' title='bbox 543 494 589 528; x_wconf 90' lang='lat'><em>99</em></span> <span class='ocrx_word' id='word_1_16' title='bbox 681 448 758 498; x_wconf 77' lang='lat' dir='ltr'><em>ll.</em></span> <span class='ocrx_word' id='word_1_17' title='bbox 805 446 903 494; x_wconf 87' lang='grc' dir='ltr'><em>Ὅτι</em></span> <span class='ocrx_word' id='word_1_18' title='bbox 952 446 1156 493; x_wconf 83' lang='grc' dir='ltr'><em>Αἰτωλοὶ</em></span> <span class='ocrx_word' id='word_1_19' title='bbox 1207 446 1288 493; x_wconf 88' lang='grc' dir='ltr'><em>τὸν</em></span> <span class='ocrx_word' id='word_1_20' title='bbox 1322 447 1431 509; x_wconf 82' lang='grc' dir='ltr'><em>βίον</em></span> <span class='ocrx_word' id='word_1_21' title='bbox 1467 447 1562 494; x_wconf 84' lang='grc' dir='ltr'><em>ἀπὸ</em></span> <span class='ocrx_word' id='word_1_22' title='bbox 1600 447 1812 510; x_wconf 82' lang='grc' dir='ltr'><em>λῃστείας</em></span> <span class='ocrx_word' id='word_1_23' title='bbox 1847 448 1927 495; x_wconf 85' lang='grc' dir='ltr'><em>καὶ</em></span> <span class='ocrx_word' id='word_1_24' title='bbox 1963 455 2047 512; x_wconf 87' lang='grc' dir='ltr'><em>τῆς</em></span> <span class='ocrx_word' id='word_1_25' title='bbox 2082 448 2299 513; x_wconf 83' lang='grc' dir='ltr'><strong><em>τοιαύτης</em></strong></span> <span class='ocrx_word' id='word_1_26' title='bbox 2332 460 2334 462; x_wconf 84' lang='grc'><strong>’</strong></span> 
     </span>
     <span class='ocr_line' id='line_1_4' title="bbox 282 507 2299 585; baseline 0.001 -20"><span class='ocrx_word' id='word_1_27' title='bbox 282 536 298 562; x_wconf 84' lang='lat'>2</span> <span class='ocrx_word' id='word_1_28' title='bbox 317 507 418 580; x_wconf 53' lang='lat' dir='ltr'><strong><em>Rgg&#39;s</em></strong></span> <span class='ocrx_word' id='word_1_29' title='bbox 450 507 495 585; x_wconf 56' lang='grc' dir='ltr'><em>μᾶ</em></span> <span class='ocrx_word' id='word_1_30' title='bbox 515 521 599 575; x_wconf 52' lang='lat'><strong><em>&#39;1341</em></strong></span> <span class='ocrx_word' id='word_1_31' title='bbox 672 519 972 580; x_wconf 82' lang='grc' dir='ltr'><em>παρανομίας</em></span> <span class='ocrx_word' id='word_1_32' title='bbox 1008 517 1256 564; x_wconf 69' lang='grc' dir='ltr'><em>εἰώθεισαν</em></span> <span class='ocrx_word' id='word_1_33' title='bbox 1284 518 1416 581; x_wconf 84' lang='grc' dir='ltr'><em>ἔχειν.</em></span> <span class='ocrx_word' id='word_1_34' title='bbox 1448 518 1528 564; x_wconf 87' lang='grc' dir='ltr'><em>καὶ</em></span> <span class='ocrx_word' id='word_1_35' title='bbox 1558 519 1648 572; x_wconf 84' lang='grc' dir='ltr'><em>ἕως</em></span> <span class='ocrx_word' id='word_1_36' title='bbox 1677 518 1764 581; x_wconf 84' lang='grc' dir='ltr'><em>μὲν</em></span> <span class='ocrx_word' id='word_1_37' title='bbox 1796 519 1908 583; x_wconf 81' lang='grc' dir='ltr'><em>ἐξῆν</em></span> <span class='ocrx_word' id='word_1_38' title='bbox 1938 518 2048 574; x_wconf 86' lang='grc' dir='ltr'><em>τοὺς</em></span> <span class='ocrx_word' id='word_1_39' title='bbox 2066 519 2299 584; x_wconf 65' lang='grc' dir='ltr'><em>’Έλληνας</em></span> 
     </span>
     <span class='ocr_line' id='line_1_5' title="bbox 672 588 2293 654; baseline 0.002 -20"><span class='ocrx_word' id='word_1_40' title='bbox 672 589 830 652; x_wconf 82' lang='grc' dir='ltr'><em>φέρειν</em></span> <span class='ocrx_word' id='word_1_41' title='bbox 884 589 963 635; x_wconf 87' lang='grc' dir='ltr'><em>καὶ</em></span> <span class='ocrx_word' id='word_1_42' title='bbox 1017 588 1263 651; x_wconf 80' lang='grc' dir='ltr'><em>λεηλατεῖν,</em></span> <span class='ocrx_word' id='word_1_43' title='bbox 1322 589 1376 635; x_wconf 88' lang='grc' dir='ltr'><em>ἐκ</em></span> <span class='ocrx_word' id='word_1_44' title='bbox 1431 588 1611 636; x_wconf 59' lang='grc' dir='ltr'><em>τούτωνΥ</em></span> <span class='ocrx_word' id='word_1_45' title='bbox 1661 589 1936 651; x_wconf 81' lang='grc' dir='ltr'><em>ἐπορίζοντο</em></span> <span class='ocrx_word' id='word_1_46' title='bbox 1988 589 2098 645; x_wconf 82' lang='grc' dir='ltr'><em>τοὺς</em></span> <span class='ocrx_word' id='word_1_47' title='bbox 2144 591 2293 654; x_wconf 84' lang='grc' dir='ltr'><em>βίους,</em></span> 
     </span>
     <span class='ocr_line' id='line_1_6' title="bbox 281 659 2299 723; baseline 0.002 -19"><span class='ocrx_word' id='word_1_48' title='bbox 281 678 298 704; x_wconf 80' lang='grc'>3</span> <span class='ocrx_word' id='word_1_49' title='bbox 317 668 473 708; x_wconf 85' lang='grc' dir='ltr'><em>πᾶσαν</em></span> <span class='ocrx_word' id='word_1_50' title='bbox 511 667 602 723; x_wconf 82' lang='grc' dir='ltr'><em>γῆν</em></span> <span class='ocrx_word' id='word_1_51' title='bbox 638 659 896 723; x_wconf 80' lang='grc' dir='ltr'><em>ἡγούμενοι</em></span> <span class='ocrx_word' id='word_1_52' title='bbox 932 659 1171 722; x_wconf 85' lang='grc' dir='ltr'><em>πολεμίαν·</em></span> <span class='ocrx_word' id='word_1_53' title='bbox 1207 659 1323 722; x_wconf 84' lang='grc' dir='ltr'><em>μετὰ</em></span> <span class='ocrx_word' id='word_1_54' title='bbox 1361 659 1412 706; x_wconf 84' lang='grc' dir='ltr'><em>δὲ</em></span> <span class='ocrx_word' id='word_1_55' title='bbox 1448 665 1603 707; x_wconf 77' lang='grc' dir='ltr'><em>ταῦτα·</em></span> <span class='ocrx_word' id='word_1_56' title='bbox 1625 659 1862 723; x_wconf 84' lang='grc' dir='ltr'><em>Ῥωμαίων</em></span> <span class='ocrx_word' id='word_1_57' title='bbox 1891 662 2173 710; x_wconf 85' lang='grc' dir='ltr'><em>ἐπιστάντων</em></span> <span class='ocrx_word' id='word_1_58' title='bbox 2203 668 2299 716; x_wconf 88' lang='grc' dir='ltr'><em>τοῖς</em></span> 
     </span>
     <span class='ocr_line' id='line_1_7' title="bbox 316 731 2343 797; baseline -0.001 -18"><span class='ocrx_word' id='word_1_59' title='bbox 316 733 561 794; x_wconf 79' lang='grc' dir='ltr'><em>πράγμασι</em></span> <span class='ocrx_word' id='word_1_60' title='bbox 615 731 907 785; x_wconf 65' lang='grc' dir='ltr'><em>κωλυθέντες</em></span> <span class='ocrx_word' id='word_1_61' title='bbox 961 737 1044 793; x_wconf 85' lang='grc' dir='ltr'><em>τῆς</em></span> <span class='ocrx_word' id='word_1_62' title='bbox 1091 731 1273 785; x_wconf 70' lang='grc' dir='ltr'><em>ἔξωθεν</em></span> <span class='ocrx_word' id='word_1_63' title='bbox 1319 731 1593 792; x_wconf 83' lang='grc' dir='ltr'><em>ἐπικουρίας</em></span> <span class='ocrx_word' id='word_1_64' title='bbox 1641 733 1706 785; x_wconf 89' lang='grc' dir='ltr'><em>εἰς</em></span> <span class='ocrx_word' id='word_1_65' title='bbox 1753 731 1949 786; x_wconf 82' lang='grc' dir='ltr'><em>ἑαυτοὺς</em></span> <span class='ocrx_word' id='word_1_66' title='bbox 1990 733 2297 797; x_wconf 87' lang='grc' dir='ltr'><em>κατήντησαν.</em></span> <span class='ocrx_word' id='word_1_67' title='bbox 2324 747 2343 776; x_wconf 84' lang='grc'>5</span> 
     </span>
     <span class='ocr_line' id='line_1_8' title="bbox 281 800 2300 864; baseline 0.002 -18"><span class='ocrx_word' id='word_1_68' title='bbox 281 820 297 846; x_wconf 86' lang='lat'>4</span> <span class='ocrx_word' id='word_1_69' title='bbox 318 804 395 850; x_wconf 85' lang='grc' dir='ltr'><em>καὶ</em></span> <span class='ocrx_word' id='word_1_70' title='bbox 444 803 677 864; x_wconf 90' lang='grc' dir='ltr'><em>πρότερον</em></span> <span class='ocrx_word' id='word_1_71' title='bbox 725 802 812 864; x_wconf 81' lang='grc' dir='ltr'><em>μὲν</em></span> <span class='ocrx_word' id='word_1_72' title='bbox 860 801 979 848; x_wconf 83' lang='grc' dir='ltr'><em>κατὰ</em></span> <span class='ocrx_word' id='word_1_73' title='bbox 1029 801 1110 848; x_wconf 83' lang='grc' dir='ltr'><em>τὸν</em></span> <span class='ocrx_word' id='word_1_74' title='bbox 1151 800 1379 864; x_wconf 85' lang='grc' dir='ltr'><em>ἐμφύλιον</em></span> <span class='ocrx_word' id='word_1_75' title='bbox 1414 802 1639 864; x_wconf 34' lang='grc' dir='ltr'><em>πόλεμον,</em></span> <span class='ocrx_word' id='word_1_76' title='bbox 1660 803 1749 849; x_wconf 79' lang='grc' dir='ltr'><em>οὐκ</em></span> <span class='ocrx_word' id='word_1_77' title='bbox 1786 803 1906 849; x_wconf 82' lang='grc' dir='ltr'><em>ἔστιν</em></span> <span class='ocrx_word' id='word_1_78' title='bbox 1942 805 1970 850; x_wconf 88' lang='grc' dir='ltr'><em>ὃ</em></span> <span class='ocrx_word' id='word_1_79' title='bbox 2006 808 2099 850; x_wconf 86' lang='grc' dir='ltr'><em>τῶν</em></span> <span class='ocrx_word' id='word_1_80' title='bbox 2135 804 2300 851; x_wconf 85' lang='grc' dir='ltr'><em>δεινῶν</em></span> 
     </span>
     <span class='ocr_line' id='line_1_9' title="bbox 281 872 2296 936; baseline 0.002 -18"><span class='ocrx_word' id='word_1_81' title='bbox 281 891 297 917; x_wconf 83' lang='lat'><strong>5</strong></span> <span class='ocrx_word' id='word_1_82' title='bbox 317 875 406 920; x_wconf 84' lang='grc' dir='ltr'><em>οὐκ</em></span> <span class='ocrx_word' id='word_1_83' title='bbox 444 875 664 935; x_wconf 79' lang='grc' dir='ltr'><em>ἔπραξαν·</em></span> <span class='ocrx_word' id='word_1_84' title='bbox 701 874 878 936; x_wconf 83' lang='grc' dir='ltr'><em>βραχεῖ</em></span> <span class='ocrx_word' id='word_1_85' title='bbox 907 872 950 919; x_wconf 75' lang='grc' dir='ltr'><em>δ’</em></span> <span class='ocrx_word' id='word_1_86' title='bbox 991 872 1228 934; x_wconf 83' lang='grc' dir='ltr'><em>ἀνώτερον</em></span> <span class='ocrx_word' id='word_1_87' title='bbox 1264 873 1424 936; x_wconf 84' lang='grc' dir='ltr'><em>χρόνῳ</em></span> <span class='ocrx_word' id='word_1_88' title='bbox 1462 873 1735 935; x_wconf 81' lang='grc' dir='ltr'><em>γεγευμένοι</em></span> <span class='ocrx_word' id='word_1_89' title='bbox 1771 879 1854 920; x_wconf 84' lang='grc' dir='ltr'><em>τοῦ</em></span> <span class='ocrx_word' id='word_1_90' title='bbox 1891 874 2045 936; x_wconf 83' lang='grc' dir='ltr'><em>φόνου</em></span> <span class='ocrx_word' id='word_1_91' title='bbox 2080 879 2173 936; x_wconf 29' lang='grc' dir='ltr'><em>τοῦ,</em></span> <span class='ocrx_word' id='word_1_92' title='bbox 2198 875 2296 922; x_wconf 83' lang='grc' dir='ltr'><em>κατ’</em></span> 
     </span>
     <span class='ocr_line' id='line_1_10' title="bbox 316 943 2338 1009; baseline 0.001 -18"><span class='ocrx_word' id='word_1_93' title='bbox 316 945 531 1008; x_wconf 81' lang='grc' dir='ltr'><em>ἀλλήλων</em></span> <span class='ocrx_word' id='word_1_94' title='bbox 579 945 628 991; x_wconf 88' lang='grc' dir='ltr'><em>ἐν</em></span> <span class='ocrx_word' id='word_1_95' title='bbox 677 951 774 998; x_wconf 89' lang='grc' dir='ltr'><em>ταῖς</em></span> <span class='ocrx_word' id='word_1_96' title='bbox 822 943 942 990; x_wconf 84' lang='grc' dir='ltr'><em>κατὰ</em></span> <span class='ocrx_word' id='word_1_97' title='bbox 985 943 1070 1006; x_wconf 82' lang='grc' dir='ltr'><em>τὴν</em></span> <span class='ocrx_word' id='word_1_98' title='bbox 1112 943 1379 1005; x_wconf 81' lang='grc' dir='ltr'><em>Ἀρσινοΐαν</em></span> <span class='ocrx_word' id='word_1_99' title='bbox 1420 950 1626 1006; x_wconf 84' lang='grc' dir='ltr'><em>σφαγαῖς</em></span> <span class='ocrx_word' id='word_1_100' title='bbox 1661 946 1836 1007; x_wconf 84' lang='grc' dir='ltr'><em>ἕτοιμοι</em></span> <span class='ocrx_word' id='word_1_101' title='bbox 1871 945 1994 1007; x_wconf 83' lang='grc' dir='ltr'><em>πρὸς</em></span> <span class='ocrx_word' id='word_1_102' title='bbox 2029 951 2125 992; x_wconf 90' lang='grc' dir='ltr'><em>πᾶν</em></span> <span class='ocrx_word' id='word_1_103' title='bbox 2160 946 2293 1009; x_wconf 84' lang='grc' dir='ltr'><em>ἦσαν,</em></span> <span class='ocrx_word' id='word_1_104' title='bbox 2336 956 2338 958; x_wconf 84' lang='grc'><strong>’</strong></span> 
     </span>
     <span class='ocr_line' id='line_1_11' title="bbox 316 1015 2298 1079; baseline 0.001 -17"><span class='ocrx_word' id='word_1_105' title='bbox 316 1015 753 1079; x_wconf 68' lang='grc' dir='ltr'><em>ἅποτεθηριωμένοι</em></span> <span class='ocrx_word' id='word_1_106' title='bbox 798 1015 880 1069; x_wconf 84' lang='grc' dir='ltr'><em>τοὶς</em></span> <span class='ocrx_word' id='word_1_107' title='bbox 923 1015 1096 1078; x_wconf 82' lang='grc' dir='ltr'><em>ψυχάς,</em></span> <span class='ocrx_word' id='word_1_108' title='bbox 1145 1015 1262 1060; x_wconf 85' lang='grc' dir='ltr'><em>ὥστε</em></span> <span class='ocrx_word' id='word_1_109' title='bbox 1303 1015 1425 1078; x_wconf 82' lang='grc' dir='ltr'><em>μηδὲ</em></span> <span class='ocrx_word' id='word_1_110' title='bbox 1461 1015 1645 1078; x_wconf 82' lang='grc' dir='ltr'><em>βουλὴν</em></span> <span class='ocrx_word' id='word_1_111' title='bbox 1681 1016 1860 1063; x_wconf 91' lang='grc' dir='ltr'><em>διδόναι</em></span> <span class='ocrx_word' id='word_1_112' title='bbox 1897 1023 1992 1071; x_wconf 86' lang='grc' dir='ltr'><em>τοῖς</em></span> <span class='ocrx_word' id='word_1_113' title='bbox 2027 1022 2298 1079; x_wconf 86' lang='grc' dir='ltr'><em>προεστῶσι.</em></span> 
     </span>
     <span class='ocr_line' id='line_1_12' title="bbox 280 1085 2353 1151; baseline 0.001 -18"><span class='ocrx_word' id='word_1_114' title='bbox 280 1103 296 1130; x_wconf 77' lang='grc'><strong>6</strong></span> <span class='ocrx_word' id='word_1_115' title='bbox 316 1088 479 1148; x_wconf 89' lang='grc' dir='ltr'><em>διόπερ</em></span> <span class='ocrx_word' id='word_1_116' title='bbox 535 1088 595 1149; x_wconf 78' lang='grc' dir='ltr'><em>ἦν</em></span> <span class='ocrx_word' id='word_1_117' title='bbox 650 1088 865 1148; x_wconf 81' lang='grc' dir='ltr'><em>ἀκρισίας</em></span> <span class='ocrx_word' id='word_1_118' title='bbox 920 1085 999 1132; x_wconf 84' lang='grc' dir='ltr'><em>καὶ</em></span> <span class='ocrx_word' id='word_1_119' title='bbox 1052 1087 1352 1148; x_wconf 91' lang='grc' dir='ltr'><em>παρανομίας</em></span> <span class='ocrx_word' id='word_1_120' title='bbox 1400 1086 1480 1132; x_wconf 87' lang='grc' dir='ltr'><em>καὶ</em></span> <span class='ocrx_word' id='word_1_121' title='bbox 1528 1086 1683 1148; x_wconf 81' lang='grc' dir='ltr'><em>φόνου</em></span> <span class='ocrx_word' id='word_1_122' title='bbox 1729 1087 1891 1150; x_wconf 66' lang='grc' dir='ltr'><em>’πλήρη</em></span> <span class='ocrx_word' id='word_1_123' title='bbox 1939 1087 1998 1134; x_wconf 86' lang='grc' dir='ltr'><em>τὰ</em></span> <span class='ocrx_word' id='word_1_124' title='bbox 2047 1087 2166 1134; x_wconf 86' lang='grc' dir='ltr'><em>κατὰ</em></span> <span class='ocrx_word' id='word_1_125' title='bbox 2214 1087 2300 1151; x_wconf 85' lang='grc' dir='ltr'><em>τὴν</em></span> <span class='ocrx_word' id='word_1_126' title='bbox 2321 1102 2353 1131; x_wconf 86' lang='grc'><em>10</em></span> 
     </span>
     <span class='ocr_line' id='line_1_13' title="bbox 315 1157 2298 1221; baseline 0.001 -17"><span class='ocrx_word' id='word_1_127' title='bbox 315 1158 562 1214; x_wconf 83' lang='grc' dir='ltr'><em>Αἰτωλίαν,</em></span> <span class='ocrx_word' id='word_1_128' title='bbox 617 1157 694 1204; x_wconf 89' lang='grc' dir='ltr'><em>καὶ</em></span> <span class='ocrx_word' id='word_1_129' title='bbox 745 1163 837 1204; x_wconf 87' lang='grc' dir='ltr'><em>τῶν</em></span> <span class='ocrx_word' id='word_1_130' title='bbox 872 1157 1208 1220; x_wconf 79' lang='grc' dir='ltr'><em>πραττομένων</em></span> <span class='ocrx_word' id='word_1_131' title='bbox 1243 1157 1351 1218; x_wconf 77' lang='grc' dir='ltr'><em>παρ’</em></span> <span class='ocrx_word' id='word_1_132' title='bbox 1392 1157 1550 1211; x_wconf 83' lang='grc' dir='ltr'><em>αὐτοῖς</em></span> <span class='ocrx_word' id='word_1_133' title='bbox 1585 1158 1638 1203; x_wconf 91' lang='grc' dir='ltr'><em>ἐκ</em></span> <span class='ocrx_word' id='word_1_134' title='bbox 1677 1157 1906 1221; x_wconf 85' lang='grc' dir='ltr'><em>λογισμοῦ</em></span> <span class='ocrx_word' id='word_1_135' title='bbox 1942 1158 2034 1221; x_wconf 79' lang='grc' dir='ltr'><em>μὲν</em></span> <span class='ocrx_word' id='word_1_136' title='bbox 2065 1158 2144 1205; x_wconf 86' lang='grc' dir='ltr'><em>καὶ</em></span> <span class='ocrx_word' id='word_1_137' title='bbox 2180 1175 2298 1221; x_wconf 91' lang='grc' dir='ltr'><em>προ-</em></span> 
     </span>
     <span class='ocr_line' id='line_1_14' title="bbox 315 1227 2298 1293; baseline 0 -17"><span class='ocrx_word' id='word_1_138' title='bbox 315 1230 495 1283; x_wconf 71' lang='grc' dir='ltr'><em>θέσεως</em></span> <span class='ocrx_word' id='word_1_139' title='bbox 533 1229 672 1275; x_wconf 81' lang='grc' dir='ltr'><em>οὐδὲν</em></span> <span class='ocrx_word' id='word_1_140' title='bbox 708 1229 970 1284; x_wconf 80' lang='grc' dir='ltr'><em>ἐπετελεῐτο,</em></span> <span class='ocrx_word' id='word_1_141' title='bbox 1012 1228 1162 1275; x_wconf 89' lang='grc' dir='ltr'><em>πάντα</em></span> <span class='ocrx_word' id='word_1_142' title='bbox 1195 1228 1238 1274; x_wconf 76' lang='grc' dir='ltr'><em>δ’</em></span> <span class='ocrx_word' id='word_1_143' title='bbox 1273 1230 1376 1290; x_wconf 86' lang='grc' dir='ltr'><em>εἰκῇ</em></span> <span class='ocrx_word' id='word_1_144' title='bbox 1409 1228 1488 1274; x_wconf 86' lang='grc' dir='ltr'><em>καὶ</em></span> <span class='ocrx_word' id='word_1_145' title='bbox 1519 1227 1708 1292; x_wconf 79' lang='grc' dir='ltr'><em>φύρδην</em></span> <span class='ocrx_word' id='word_1_146' title='bbox 1737 1229 1999 1291; x_wconf 84' lang='grc' dir='ltr'><em>ἐπράττετο,</em></span> <span class='ocrx_word' id='word_1_147' title='bbox 2035 1229 2298 1293; x_wconf 69' lang='grc' dir='ltr'><em>καθαπερεὶ</em></span> 
     </span>
     <span class='ocr_line' id='line_1_15' title="bbox 314 1298 2117 1354; baseline -0.001 -8"><span class='ocrx_word' id='word_1_148' title='bbox 314 1300 540 1354; x_wconf 88' lang='grc' dir='ltr'><em>λαίλαπός</em></span> <span class='ocrx_word' id='word_1_149' title='bbox 575 1317 697 1353; x_wconf 91' lang='grc' dir='ltr'><em>τινος</em></span> <span class='ocrx_word' id='word_1_150' title='bbox 732 1300 1086 1353; x_wconf 88' lang='grc' dir='ltr'><em>ἐκπεπτωκυίας</em></span> <span class='ocrx_word' id='word_1_151' title='bbox 1121 1301 1186 1353; x_wconf 87' lang='grc' dir='ltr'><em>εἰς</em></span> <span class='ocrx_word' id='word_1_152' title='bbox 1222 1298 1404 1353; x_wconf 82' lang='grc' dir='ltr'><em>αὐτούς.</em></span> <span class='ocrx_word' id='word_1_153' title='bbox 1442 1327 1509 1333; x_wconf 91' lang='lat'>—</span> <span class='ocrx_word' id='word_1_154' title='bbox 2115 1342 2117 1344; x_wconf 82' lang='grc'>.</span> 
     </span>
     <span class='ocr_line' id='line_1_16' title="bbox 316 1370 2297 1453; baseline -0.001 -32"><span class='ocrx_word' id='word_1_155' title='bbox 316 1417 350 1453; x_wconf 74' lang='lat' dir='ltr'><em>E</em></span> <span class='ocrx_word' id='word_1_156' title='bbox 424 1417 461 1450; x_wconf 91' lang='lat' dir='ltr'><em>V</em></span> <span class='ocrx_word' id='word_1_157' title='bbox 482 1418 494 1451; x_wconf 90' lang='lat' dir='ltr'>l</span> <span class='ocrx_word' id='word_1_158' title='bbox 519 1417 587 1452; x_wconf 91' lang='lat'><em>100</em></span> <span class='ocrx_word' id='word_1_159' title='bbox 679 1371 755 1421; x_wconf 85' lang='lat'><em>12.</em></span> <span class='ocrx_word' id='word_1_160' title='bbox 784 1370 883 1417; x_wconf 87' lang='grc' dir='ltr'><em>Ὅτι</em></span> <span class='ocrx_word' id='word_1_161' title='bbox 915 1371 964 1417; x_wconf 85' lang='grc' dir='ltr'><em>οἱ</em></span> <span class='ocrx_word' id='word_1_162' title='bbox 990 1370 1109 1417; x_wconf 82' lang='grc' dir='ltr'><em>κατὰ</em></span> <span class='ocrx_word' id='word_1_163' title='bbox 1140 1370 1226 1433; x_wconf 82' lang='grc' dir='ltr'><em>τὴν</em></span> <span class='ocrx_word' id='word_1_164' title='bbox 1244 1370 1477 1432; x_wconf 83' lang='grc' dir='ltr'><em>’Ἠπειρον</em></span> <span class='ocrx_word' id='word_1_165' title='bbox 1507 1370 1812 1434; x_wconf 86' lang='grc' dir='ltr'><em>παραπλήσια</em></span> <span class='ocrx_word' id='word_1_166' title='bbox 1844 1370 2024 1426; x_wconf 80' lang='grc' dir='ltr'><em>τούτοις</em></span> <span class='ocrx_word' id='word_1_167' title='bbox 2058 1371 2297 1434; x_wconf 85' lang='grc' dir='ltr'><em>ἔπραττον.</em></span> 
     </span>
     <span class='ocr_line' id='line_1_17' title="bbox 279 1430 2352 1509; baseline 0 -24"><span class='ocrx_word' id='word_1_168' title='bbox 279 1458 296 1485; x_wconf 86' lang='lat'><strong>2</strong></span> <span class='ocrx_word' id='word_1_169' title='bbox 315 1430 416 1504; x_wconf 55' lang='grc' dir='ltr'><em>Ηζζζς</em></span> <span class='ocrx_word' id='word_1_170' title='bbox 448 1430 598 1509; x_wconf 45' lang='lat'><em>³134</em></span> <span class='ocrx_word' id='word_1_171' title='bbox 670 1442 739 1505; x_wconf 72' lang='grc' dir='ltr'><em>ἐφ’</em></span> <span class='ocrx_word' id='word_1_172' title='bbox 791 1443 906 1489; x_wconf 87' lang='grc' dir='ltr'><em>ὅσον</em></span> <span class='ocrx_word' id='word_1_173' title='bbox 957 1441 1049 1504; x_wconf 84' lang='grc' dir='ltr'><em>γὰρ</em></span> <span class='ocrx_word' id='word_1_174' title='bbox 1101 1442 1149 1487; x_wconf 85' lang='grc' dir='ltr'><em>οἱ</em></span> <span class='ocrx_word' id='word_1_175' title='bbox 1192 1441 1357 1488; x_wconf 89' lang='grc' dir='ltr'><em>πολλοὶ</em></span> <span class='ocrx_word' id='word_1_176' title='bbox 1405 1447 1498 1488; x_wconf 84' lang='grc' dir='ltr'><em>τῶν</em></span> <span class='ocrx_word' id='word_1_177' title='bbox 1546 1441 1820 1503; x_wconf 66' lang='grc' dir='ltr'><em>ἀνθρώπων</em></span> <span class='ocrx_word' id='word_1_178' title='bbox 1866 1442 2165 1505; x_wconf 85' lang='grc' dir='ltr'><em>μετριώτεροι</em></span> <span class='ocrx_word' id='word_1_179' title='bbox 2206 1447 2299 1490; x_wconf 86' lang='grc' dir='ltr'><em>τῶν</em></span> <span class='ocrx_word' id='word_1_180' title='bbox 2319 1458 2352 1486; x_wconf 83' lang='lat'><em>15</em></span> 
     </span>
     <span class='ocr_line' id='line_1_18' title="bbox 671 1512 2299 1575; baseline 0.001 -15"><span class='ocrx_word' id='word_1_181' title='bbox 671 1513 790 1560; x_wconf 86' lang='grc' dir='ltr'><em>κατὰ</em></span> <span class='ocrx_word' id='word_1_182' title='bbox 839 1513 924 1575; x_wconf 80' lang='grc' dir='ltr'><em>τὴν</em></span> <span class='ocrx_word' id='word_1_183' title='bbox 972 1512 1208 1559; x_wconf 84' lang='grc' dir='ltr'><em>Αἰτωλίαν</em></span> <span class='ocrx_word' id='word_1_184' title='bbox 1256 1513 1389 1574; x_wconf 81' lang='grc' dir='ltr'><em>ἦσαν,</em></span> <span class='ocrx_word' id='word_1_185' title='bbox 1431 1512 1506 1559; x_wconf 87' lang='grc' dir='ltr'><em>ἐπὶ</em></span> <span class='ocrx_word' id='word_1_186' title='bbox 1543 1517 1767 1559; x_wconf 85' lang='grc' dir='ltr'><em>τοσοῦτον</em></span> <span class='ocrx_word' id='word_1_187' title='bbox 1803 1514 1830 1560; x_wconf 88' lang='grc' dir='ltr'>ὁ</span> <span class='ocrx_word' id='word_1_188' title='bbox 1867 1513 2108 1575; x_wconf 87' lang='grc' dir='ltr'><em>προεστὼς</em></span> <span class='ocrx_word' id='word_1_189' title='bbox 2144 1514 2299 1561; x_wconf 80' lang='grc' dir='ltr'><em>αὐτῶν</em></span> 
     </span>
     <span class='ocr_line' id='line_1_19' title="bbox 279 1583 2297 1648; baseline 0.001 -20"><span class='ocrx_word' id='word_1_190' title='bbox 279 1601 295 1628; x_wconf 80' lang='grc'>3</span> <span class='ocrx_word' id='word_1_191' title='bbox 315 1585 620 1647; x_wconf 79' lang='grc' dir='ltr'><em>ἀσεβέστερος</em></span> <span class='ocrx_word' id='word_1_192' title='bbox 681 1584 760 1630; x_wconf 86' lang='grc' dir='ltr'><em>καὶ</em></span> <span class='ocrx_word' id='word_1_193' title='bbox 814 1583 1216 1646; x_wconf 86' lang='grc' dir='ltr'><em>παρανομώτερος</em></span> <span class='ocrx_word' id='word_1_194' title='bbox 1270 1583 1457 1647; x_wconf 80' lang='grc' dir='ltr'><em>ὑπῆρχε</em></span> <span class='ocrx_word' id='word_1_195' title='bbox 1510 1589 1603 1630; x_wconf 86' lang='grc' dir='ltr'><em>τῶν</em></span> <span class='ocrx_word' id='word_1_196' title='bbox 1657 1584 1822 1631; x_wconf 84' lang='grc' dir='ltr'><em>ἄλλων.</em></span> <span class='ocrx_word' id='word_1_197' title='bbox 1895 1585 2025 1631; x_wconf 85' lang='grc' dir='ltr'><em>δοκῶ</em></span> <span class='ocrx_word' id='word_1_198' title='bbox 2082 1584 2175 1648; x_wconf 88' lang='grc' dir='ltr'><em>γὰρ</em></span> <span class='ocrx_word' id='word_1_199' title='bbox 2229 1585 2297 1648; x_wconf 86' lang='grc' dir='ltr'><em>μὴ</em></span> 
     </span>
     <span class='ocr_line' id='line_1_20' title="bbox 316 1654 2299 1719; baseline 0.001 -17"><span class='ocrx_word' id='word_1_200' title='bbox 316 1656 557 1719; x_wconf 85' lang='grc' dir='ltr'><em>γεγονέναι</em></span> <span class='ocrx_word' id='word_1_201' title='bbox 623 1656 737 1718; x_wconf 74' lang='grc' dir='ltr'><em>μηδ’</em></span> <span class='ocrx_word' id='word_1_202' title='bbox 807 1655 998 1702; x_wconf 69' lang='grc' dir='ltr'><em>ἔσεσθαι</em></span> <span class='ocrx_word' id='word_1_203' title='bbox 1047 1654 1443 1718; x_wconf 65' lang='grc' dir='ltr'><em>,θηριωδέστερον</em></span> <span class='ocrx_word' id='word_1_204' title='bbox 1494 1655 1772 1715; x_wconf 72' lang='grc' dir='ltr'><em>,ἄνθρωπον</em></span> <span class='ocrx_word' id='word_1_205' title='bbox 1837 1656 1950 1718; x_wconf 78' lang='grc' dir='ltr'><em>μηδ’</em></span> <span class='ocrx_word' id='word_1_206' title='bbox 2013 1656 2299 1718; x_wconf 86' lang='grc' dir='ltr'><em>εἰκαιότερον</em></span> 
     </span>
     <span class='ocr_line' id='line_1_21' title="bbox 315 1728 663 1789; baseline -0.006 -15"><span class='ocrx_word' id='word_1_207' title='bbox 315 1728 562 1789; x_wconf 89' lang='grc' dir='ltr'><em>Χάροπος.</em></span> <span class='ocrx_word' id='word_1_208' title='bbox 608 1755 663 1760; x_wconf 87' lang='grc'>-</span> 
     </span>
    </p>
   </div>
   <div class='ocr_carea' id='block_1_4' title="bbox 315 2006 2296 2163">
    <p class='ocr_par' dir='ltr' id='par_1_4' title="bbox 315 2006 2296 2163">
     <span class='ocr_line' id='line_1_22' title="bbox 382 2006 2296 2057; baseline 0 -9"><span class='ocrx_word' id='word_1_209' title='bbox 382 2021 400 2048; x_wconf 90' lang='grc'>8</span> <span class='ocrx_word' id='word_1_210' title='bbox 455 2007 663 2056; x_wconf 64' lang='grc' dir='ltr'><em>Ἀρσινοῖᾱν</em></span> <span class='ocrx_word' id='word_1_211' title='bbox 692 2007 894 2050; x_wconf 82' lang='lat' dir='ltr'><strong>Valesius,</strong></span> <span class='ocrx_word' id='word_1_212' title='bbox 924 2007 1112 2054; x_wconf 67' lang='grc' dir='ltr'><em>ἁρσινεϊκν</em></span> <span class='ocrx_word' id='word_1_213' title='bbox 1142 2007 1238 2057; x_wconf 87' lang='lat' dir='ltr'>(sine</span> <span class='ocrx_word' id='word_1_214' title='bbox 1266 2007 1459 2057; x_wconf 82' lang='lat' dir='ltr'>accentu),</span> <span class='ocrx_word' id='word_1_215' title='bbox 1490 2006 1684 2055; x_wconf 75' lang='grc' dir='ltr'><em>Ἀρσινόην</em></span> <span class='ocrx_word' id='word_1_216' title='bbox 1714 2006 1891 2047; x_wconf 78' lang='lat' dir='ltr'>DindOtf</span> <span class='ocrx_word' id='word_1_217' title='bbox 1916 2013 2001 2047; x_wconf 89' lang='lat' dir='ltr'>sine</span> <span class='ocrx_word' id='word_1_218' title='bbox 2025 2022 2159 2051; x_wconf 80' lang='lat' dir='ltr'>causa,</span> <span class='ocrx_word' id='word_1_219' title='bbox 2183 2007 2296 2048; x_wconf 77' lang='lat' dir='ltr'>intel-</span> 
     </span>
     <span class='ocr_line' id='line_1_23' title="bbox 315 2059 1569 2112; baseline -0.002 -12"><span class='ocrx_word' id='word_1_220' title='bbox 315 2061 455 2112; x_wconf 84' lang='lat' dir='ltr'>legitur</span> <span class='ocrx_word' id='word_1_221' title='bbox 482 2075 576 2112; x_wconf 91' lang='lat' dir='ltr'>ager</span> <span class='ocrx_word' id='word_1_222' title='bbox 604 2061 859 2100; x_wconf 71' lang='lat' dir='ltr'>Arsinoensis</span> <span class='ocrx_word' id='word_1_223' title='bbox 882 2060 932 2100; x_wconf 82' lang='lat' dir='ltr'><em>cf.</em></span> <span class='ocrx_word' id='word_1_224' title='bbox 963 2059 1261 2100; x_wconf 80' lang='lat' dir='ltr'>Kiihner-Blass</span> <span class='ocrx_word' id='word_1_225' title='bbox 1290 2059 1317 2103; x_wconf 86' lang='grc' dir='ltr'><em>Ι,</em></span> <span class='ocrx_word' id='word_1_226' title='bbox 1351 2061 1383 2103; x_wconf 83' lang='grc'><em>1,</em></span> <span class='ocrx_word' id='word_1_227' title='bbox 1414 2060 1503 2103; x_wconf 83' lang='lat'>536.</span> <span class='ocrx_word' id='word_1_228' title='bbox 1534 2061 1569 2099; x_wconf 91' lang='lat'><em>2.</em></span> 
     </span>
     <span class='ocr_line' id='line_1_24' title="bbox 371 2114 1350 2163; baseline -0.003 -9"><span class='ocrx_word' id='word_1_229' title='bbox 371 2127 401 2154; x_wconf 85' lang='lat'><em>17</em></span> <span class='ocrx_word' id='word_1_230' title='bbox 456 2116 782 2163; x_wconf 61' lang='grc' dir='ltr'><em>παρανομώτεροι]</em></span> <span class='ocrx_word' id='word_1_231' title='bbox 810 2114 978 2158; x_wconf 85' lang='lat' dir='ltr'>Bekker,</span> <span class='ocrx_word' id='word_1_232' title='bbox 1007 2114 1350 2163; x_wconf 69' lang='grc' dir='ltr'><em>παρανομὸτατος.</em></span> 
     </span>
    </p>
   </div>
   <div class='ocr_carea' id='block_1_5' title="bbox 370 2166 2295 2219">
    <p class='ocr_par' dir='ltr' id='par_1_5' title="bbox 370 2166 2295 2219">
     <span class='ocr_line' id='line_1_25' title="bbox 370 2166 2295 2219; baseline 0.001 -12"><span class='ocrx_word' id='word_1_233' title='bbox 370 2180 402 2208; x_wconf 83' lang='lat'><em>18</em></span> <span class='ocrx_word' id='word_1_234' title='bbox 455 2168 548 2217; x_wconf 78' lang='grc' dir='ltr'><em>μηδ’</em></span> <span class='ocrx_word' id='word_1_235' title='bbox 593 2169 816 2213; x_wconf 69' lang='grc' dir='ltr'><em>εἰκαιότερον</em></span> <span class='ocrx_word' id='word_1_236' title='bbox 858 2167 1000 2207; x_wconf 89' lang='lat' dir='ltr'>Naber</span> <span class='ocrx_word' id='word_1_237' title='bbox 1040 2166 1192 2206; x_wconf 86' lang='lat' dir='ltr'>collato</span> <span class='ocrx_word' id='word_1_238' title='bbox 1233 2166 1405 2209; x_wconf 80' lang='lat' dir='ltr'><strong>XXXII,</strong></span> <span class='ocrx_word' id='word_1_239' title='bbox 1444 2167 1480 2209; x_wconf 87' lang='grc'><em>5,</em></span> <span class='ocrx_word' id='word_1_240' title='bbox 1520 2167 1543 2206; x_wconf 91' lang='grc'>8</span> <span class='ocrx_word' id='word_1_241' title='bbox 1581 2166 1939 2217; x_wconf 78' lang='lat' dir='ltr'><strong>B.-W‚(XXX11,</strong></span> <span class='ocrx_word' id='word_1_242' title='bbox 1970 2168 2032 2211; x_wconf 85' lang='lat'><em>20.</em></span> <span class='ocrx_word' id='word_1_243' title='bbox 2062 2168 2086 2207; x_wconf 89' lang='lat'>8</span> <span class='ocrx_word' id='word_1_244' title='bbox 2115 2167 2210 2219; x_wconf 78' lang='lat' dir='ltr'>Hu).</span> <span class='ocrx_word' id='word_1_245' title='bbox 2239 2173 2295 2218; x_wconf 85' lang='grc' dir='ltr'><em>μὴ</em></span> 
     </span>
    </p>
   </div>
   <div class='ocr_carea' id='block_1_6' title="bbox 315 2222 601 2269">
    <p class='ocr_par' dir='ltr' id='par_1_6' title="bbox 315 2222 601 2269">
     <span class='ocr_line' id='line_1_26' title="bbox 315 2222 601 2269; baseline 0 -10"><span class='ocrx_word' id='word_1_246' title='bbox 315 2222 355 2259; x_wconf 79' lang='grc' dir='ltr'><em>δε</em></span> <span class='ocrx_word' id='word_1_247' title='bbox 385 2222 601 2269; x_wconf 67' lang='grc' dir='ltr'><em>σκεὸτερον.</em></span> 
     </span>
    </p>
   </div>
   <div class='ocr_carea' id='block_1_7' title="bbox 315 2473 2296 3110">
    <p class='ocr_par' dir='ltr' id='par_1_7' title="bbox 315 2473 2296 3057">
     <span class='ocr_line' id='line_1_27' title="bbox 372 2473 2296 2526; baseline -0.001 -10"><span class='ocrx_word' id='word_1_248' title='bbox 372 2488 438 2516; x_wconf 85' lang='grc' dir='ltr'><em>ι-ι3</em></span> <span class='ocrx_word' id='word_1_249' title='bbox 491 2475 585 2514; x_wconf 66' lang='lat' dir='ltr'><em>“ow</em></span> <span class='ocrx_word' id='word_1_250' title='bbox 627 2474 1013 2526; x_wconf 64' lang='grc' dir='ltr'><em>Αἰτωλοὶ-αὑτούς]</em></span> <span class='ocrx_word' id='word_1_251' title='bbox 1072 2474 1175 2514; x_wconf 90' lang='lat' dir='ltr'>Cum</span> <span class='ocrx_word' id='word_1_252' title='bbox 1218 2474 1479 2524; x_wconf 69' lang='lat' dir='ltr'>fragmentum</span> <span class='ocrx_word' id='word_1_253' title='bbox 1520 2473 1761 2513; x_wconf 79' lang='lat' dir='ltr'>antecedens</span> <span class='ocrx_word' id='word_1_254' title='bbox 1801 2474 1851 2525; x_wconf 92' lang='lat' dir='ltr'><em>(n.</em></span> <span class='ocrx_word' id='word_1_255' title='bbox 1895 2474 1958 2516; x_wconf 83' lang='lat'><em>98,</em></span> <span class='ocrx_word' id='word_1_256' title='bbox 1993 2473 2108 2515; x_wconf 89' lang='lat' dir='ltr'>Roos</span> <span class='ocrx_word' id='word_1_257' title='bbox 2135 2489 2174 2526; x_wconf 88' lang='lat' dir='ltr'><em>p.</em></span> <span class='ocrx_word' id='word_1_258' title='bbox 2209 2475 2296 2525; x_wconf 87' lang='lat'>180)</span> 
     </span>
     <span class='ocr_line' id='line_1_28' title="bbox 315 2526 2294 2579; baseline 0 -11"><span class='ocrx_word' id='word_1_259' title='bbox 315 2543 364 2568; x_wconf 88' lang='lat' dir='ltr'>ex</span> <span class='ocrx_word' id='word_1_260' title='bbox 406 2528 507 2568; x_wconf 88' lang='lat' dir='ltr'>libro</span> <span class='ocrx_word' id='word_1_261' title='bbox 549 2528 687 2567; x_wconf 91' lang='lat' dir='ltr'><strong>XXIX</strong></span> <span class='ocrx_word' id='word_1_262' title='bbox 728 2528 885 2568; x_wconf 81' lang='lat' dir='ltr'>fluxerit</span> <span class='ocrx_word' id='word_1_263' title='bbox 926 2528 989 2579; x_wconf 82' lang='lat' dir='ltr'>(cf.</span> <span class='ocrx_word' id='word_1_264' title='bbox 1032 2542 1125 2579; x_wconf 79' lang='lat' dir='ltr'>app.</span> <span class='ocrx_word' id='word_1_265' title='bbox 1166 2527 1238 2578; x_wconf 84' lang='grc' dir='ltr'>ΙΙΙ),</span> <span class='ocrx_word' id='word_1_266' title='bbox 1269 2527 1529 2578; x_wconf 71' lang='lat' dir='ltr'>fragmentum</span> <span class='ocrx_word' id='word_1_267' title='bbox 1562 2528 1634 2567; x_wconf 89' lang='lat'><em>102</em></span> <span class='ocrx_word' id='word_1_268' title='bbox 1663 2526 1728 2577; x_wconf 86' lang='grc'><strong>(1.1.</strong></span> <span class='ocrx_word' id='word_1_269' title='bbox 1758 2542 1797 2577; x_wconf 89' lang='lat' dir='ltr'><em>p.</em></span> <span class='ocrx_word' id='word_1_270' title='bbox 1832 2528 1919 2578; x_wconf 88' lang='grc'>185)</span> <span class='ocrx_word' id='word_1_271' title='bbox 1947 2542 1997 2567; x_wconf 86' lang='lat' dir='ltr'>ex</span> <span class='ocrx_word' id='word_1_272' title='bbox 2024 2527 2127 2568; x_wconf 85' lang='lat' dir='ltr'>libro</span> <span class='ocrx_word' id='word_1_273' title='bbox 2154 2527 2294 2568; x_wconf 78' lang='lat' dir='ltr'><strong>XXX}</strong></span> 
     </span>
     <span class='ocr_line' id='line_1_29' title="bbox 317 2580 2295 2632; baseline -0.001 -11"><span class='ocrx_word' id='word_1_274' title='bbox 317 2584 365 2632; x_wconf 85' lang='lat' dir='ltr'>(ei</span> <span class='ocrx_word' id='word_1_275' title='bbox 393 2588 495 2621; x_wconf 92' lang='lat' dir='ltr'>enim</span> <span class='ocrx_word' id='word_1_276' title='bbox 525 2588 830 2632; x_wconf 85' lang='lat' dir='ltr'>superscriptum</span> <span class='ocrx_word' id='word_1_277' title='bbox 857 2589 918 2621; x_wconf 91' lang='lat' dir='ltr'>est</span> <span class='ocrx_word' id='word_1_278' title='bbox 945 2583 1083 2630; x_wconf 71' lang='grc' dir='ltr'><em>Λόγος</em></span> <span class='ocrx_word' id='word_1_279' title='bbox 1112 2582 1190 2632; x_wconf 79' lang='grc' dir='ltr'><em>λα),</em></span> <span class='ocrx_word' id='word_1_280' title='bbox 1219 2588 1385 2631; x_wconf 88' lang='lat' dir='ltr'>apparet</span> <span class='ocrx_word' id='word_1_281' title='bbox 1414 2580 1633 2631; x_wconf 82' lang='lat' dir='ltr'>fragmenta</span> <span class='ocrx_word' id='word_1_282' title='bbox 1659 2581 1837 2620; x_wconf 79' lang='lat'>99—101</span> <span class='ocrx_word' id='word_1_283' title='bbox 1866 2594 1916 2620; x_wconf 87' lang='lat' dir='ltr'>ex</span> <span class='ocrx_word' id='word_1_284' title='bbox 1930 2580 2073 2620; x_wconf 93' lang='lat' dir='ltr'><strong>XXIX</strong></span> <span class='ocrx_word' id='word_1_285' title='bbox 2087 2581 2295 2621; x_wconf 87' lang='lat' dir='ltr'><strong>autXXX</strong></span> 
     </span>
     <span class='ocr_line' id='line_1_30' title="bbox 316 2633 2296 2684; baseline 0 -10"><span class='ocrx_word' id='word_1_286' title='bbox 316 2649 521 2679; x_wconf 86' lang='lat' dir='ltr'>manasse;</span> <span class='ocrx_word' id='word_1_287' title='bbox 564 2641 656 2684; x_wconf 89' lang='lat' dir='ltr'>quia</span> <span class='ocrx_word' id='word_1_288' title='bbox 697 2643 827 2674; x_wconf 85' lang='lat' dir='ltr'>autem</span> <span class='ocrx_word' id='word_1_289' title='bbox 857 2641 896 2674; x_wconf 90' lang='lat' dir='ltr'><em>in</em></span> <span class='ocrx_word' id='word_1_290' title='bbox 924 2634 1067 2674; x_wconf 92' lang='lat' dir='ltr'><strong>XXIX</strong></span> <span class='ocrx_word' id='word_1_291' title='bbox 1095 2648 1290 2684; x_wconf 80' lang='lat' dir='ltr'>nusquam</span> <span class='ocrx_word' id='word_1_292' title='bbox 1319 2633 1557 2673; x_wconf 77' lang='lat' dir='ltr'>Aetolorum</span> <span class='ocrx_word' id='word_1_293' title='bbox 1585 2640 1734 2674; x_wconf 89' lang='lat' dir='ltr'>mentio</span> <span class='ocrx_word' id='word_1_294' title='bbox 1762 2633 1819 2677; x_wconf 84' lang='lat' dir='ltr'><em>fit,</em></span> <span class='ocrx_word' id='word_1_295' title='bbox 1847 2641 1987 2673; x_wconf 87' lang='lat' dir='ltr'>contra</span> <span class='ocrx_word' id='word_1_296' title='bbox 2014 2640 2054 2674; x_wconf 92' lang='lat' dir='ltr'><em>in</em></span> <span class='ocrx_word' id='word_1_297' title='bbox 2082 2634 2207 2674; x_wconf 93' lang='lat' dir='ltr'><em>XXX</em></span> <span class='ocrx_word' id='word_1_298' title='bbox 2235 2634 2296 2674; x_wconf 90' lang='lat' dir='ltr'><em>bis</em></span> 
     </span>
     <span class='ocr_line' id='line_1_31' title="bbox 317 2686 2296 2739; baseline 0.001 -12"><span class='ocrx_word' id='word_1_299' title='bbox 317 2688 437 2739; x_wconf 89' lang='lat' dir='ltr'>(apud</span> <span class='ocrx_word' id='word_1_300' title='bbox 479 2688 633 2727; x_wconf 88' lang='lat' dir='ltr'>Livium</span> <span class='ocrx_word' id='word_1_301' title='bbox 675 2688 807 2731; x_wconf 83' lang='lat' dir='ltr'><strong>XLV,</strong></span> <span class='ocrx_word' id='word_1_302' title='bbox 851 2689 980 2733; x_wconf 78' lang='lat'><strong>7—8;</strong></span> <span class='ocrx_word' id='word_1_303' title='bbox 1022 2702 1056 2727; x_wconf 83' lang='lat' dir='ltr'><em>c.</em></span> <span class='ocrx_word' id='word_1_304' title='bbox 1087 2688 1151 2738; x_wconf 89' lang='lat'><em>31)</em></span> <span class='ocrx_word' id='word_1_305' title='bbox 1179 2686 1389 2727; x_wconf 92' lang='lat' dir='ltr'>verisimile</span> <span class='ocrx_word' id='word_1_306' title='bbox 1416 2687 1573 2726; x_wconf 87' lang='lat' dir='ltr'>videtur</span> <span class='ocrx_word' id='word_1_307' title='bbox 1601 2686 1860 2738; x_wconf 71' lang='lat' dir='ltr'>fragmentum</span> <span class='ocrx_word' id='word_1_308' title='bbox 1888 2695 2065 2727; x_wconf 87' lang='lat' dir='ltr'>nostrum</span> <span class='ocrx_word' id='word_1_309' title='bbox 2093 2701 2143 2727; x_wconf 87' lang='lat' dir='ltr'>ex</span> <span class='ocrx_word' id='word_1_310' title='bbox 2169 2687 2296 2728; x_wconf 87' lang='lat' dir='ltr'>altero</span> 
     </span>
     <span class='ocr_line' id='line_1_32' title="bbox 317 2739 2296 2792; baseline 0.001 -12"><span class='ocrx_word' id='word_1_311' title='bbox 317 2741 418 2781; x_wconf 89' lang='lat' dir='ltr'>libro</span> <span class='ocrx_word' id='word_1_312' title='bbox 451 2741 729 2792; x_wconf 88' lang='lat' dir='ltr'>depromptum</span> <span class='ocrx_word' id='word_1_313' title='bbox 758 2755 857 2781; x_wconf 57' lang='lat' dir='ltr'><em>esse⁴</em></span> <span class='ocrx_word' id='word_1_314' title='bbox 900 2741 1004 2781; x_wconf 92' lang='lat' dir='ltr'>Cum</span> <span class='ocrx_word' id='word_1_315' title='bbox 1033 2747 1164 2791; x_wconf 86' lang='lat' dir='ltr'>priore</span> <span class='ocrx_word' id='word_1_316' title='bbox 1192 2741 1446 2780; x_wconf 86' lang='lat' dir='ltr'>Livianorum</span> <span class='ocrx_word' id='word_1_317' title='bbox 1476 2739 1656 2780; x_wconf 81' lang='lat' dir='ltr'>locorum</span> <span class='ocrx_word' id='word_1_318' title='bbox 1684 2739 1834 2780; x_wconf 89' lang='lat' dir='ltr'>Nissen</span> <span class='ocrx_word' id='word_1_319' title='bbox 1862 2755 1900 2790; x_wconf 89' lang='lat' dir='ltr'><em>p.</em></span> <span class='ocrx_word' id='word_1_320' title='bbox 1930 2741 2008 2780; x_wconf 87' lang='lat'><em>339</em></span> <span class='ocrx_word' id='word_1_321' title='bbox 2037 2740 2296 2792; x_wconf 71' lang='lat' dir='ltr'>fragmentum</span> 
     </span>
     <span class='ocr_line' id='line_1_33' title="bbox 316 2793 2295 2845; baseline 0 -11"><span class='ocrx_word' id='word_1_322' title='bbox 316 2802 492 2834; x_wconf 85' lang='lat' dir='ltr'>nostrum</span> <span class='ocrx_word' id='word_1_323' title='bbox 522 2801 761 2845; x_wconf 78' lang='lat' dir='ltr'>composuit,</span> <span class='ocrx_word' id='word_1_324' title='bbox 791 2802 947 2845; x_wconf 81' lang='lat' dir='ltr'>putans,</span> <span class='ocrx_word' id='word_1_325' title='bbox 977 2802 1020 2834; x_wconf 95' lang='lat' dir='ltr'><em>ut</em></span> <span class='ocrx_word' id='word_1_326' title='bbox 1048 2800 1206 2844; x_wconf 82' lang='lat' dir='ltr'>opinor,</span> <span class='ocrx_word' id='word_1_327' title='bbox 1235 2793 1410 2836; x_wconf 80' lang='lat' dir='ltr'>eaedem,</span> <span class='ocrx_word' id='word_1_328' title='bbox 1439 2793 1490 2832; x_wconf 94' lang='lat' dir='ltr'>de</span> <span class='ocrx_word' id='word_1_329' title='bbox 1518 2807 1598 2843; x_wconf 89' lang='lat' dir='ltr'>qua</span> <span class='ocrx_word' id='word_1_330' title='bbox 1612 2793 1747 2833; x_wconf 88' lang='lat' dir='ltr'>Livius</span> <span class='ocrx_word' id='word_1_331' title='bbox 1762 2807 1796 2833; x_wconf 87' lang='lat' dir='ltr'><em>c.</em></span> <span class='ocrx_word' id='word_1_332' title='bbox 1813 2794 1863 2833; x_wconf 87' lang='lat'><em>28</em></span> <span class='ocrx_word' id='word_1_333' title='bbox 1879 2793 2006 2833; x_wconf 89' lang='lat' dir='ltr'>effuse</span> <span class='ocrx_word' id='word_1_334' title='bbox 2019 2800 2113 2845; x_wconf 75' lang='lat' dir='ltr'>agit,</span> <span class='ocrx_word' id='word_1_335' title='bbox 2129 2794 2295 2834; x_wconf 81' lang='lat' dir='ltr'>eandem</span> 
     </span>
     <span class='ocr_line' id='line_1_34' title="bbox 316 2846 2295 2897; baseline -0.001 -11"><span class='ocrx_word' id='word_1_336' title='bbox 316 2862 403 2886; x_wconf 89' lang='lat' dir='ltr'>esse</span> <span class='ocrx_word' id='word_1_337' title='bbox 444 2862 491 2887; x_wconf 87' lang='lat' dir='ltr'>ac</span> <span class='ocrx_word' id='word_1_338' title='bbox 532 2848 694 2887; x_wconf 88' lang='lat' dir='ltr'>caedem</span> <span class='ocrx_word' id='word_1_339' title='bbox 736 2847 841 2886; x_wconf 69' lang='grc' dir='ltr'><em>κατὰ</em></span> <span class='ocrx_word' id='word_1_340' title='bbox 884 2848 954 2891; x_wconf 65' lang='grc' dir='ltr'><em>τὶν</em></span> <span class='ocrx_word' id='word_1_341' title='bbox 997 2847 1206 2895; x_wconf 58' lang='lat' dir='ltr'><em>‘Apamam</em></span> <span class='ocrx_word' id='word_1_342' title='bbox 1248 2846 1404 2889; x_wconf 79' lang='lat' dir='ltr'>factam,</span> <span class='ocrx_word' id='word_1_343' title='bbox 1447 2860 1536 2886; x_wconf 88' lang='lat' dir='ltr'>cum</span> <span class='ocrx_word' id='word_1_344' title='bbox 1578 2846 1851 2897; x_wconf 83' lang='lat' dir='ltr'>accipiendum</span> <span class='ocrx_word' id='word_1_345' title='bbox 1892 2860 1976 2887; x_wconf 90' lang='lat' dir='ltr'><em>non</em></span> <span class='ocrx_word' id='word_1_346' title='bbox 2012 2853 2062 2886; x_wconf 91' lang='lat' dir='ltr'><em>sit</em></span> <span class='ocrx_word' id='word_1_347' title='bbox 2100 2847 2295 2897; x_wconf 71' lang='grc' dir='ltr'><em>Ῥωμαίων</em></span> 
     </span>
     <span class='ocr_line' id='line_1_35' title="bbox 317 2899 2295 2951; baseline 0.001 -13"><span class='ocrx_word' id='word_1_348' title='bbox 317 2900 560 2939; x_wconf 68' lang='grc' dir='ltr'><em>ἐπιστάντων</em></span> <span class='ocrx_word' id='word_1_349' title='bbox 602 2908 680 2946; x_wconf 68' lang='grc' dir='ltr'><em>τοῖς</em></span> <span class='ocrx_word' id='word_1_350' title='bbox 717 2902 933 2950; x_wconf 65' lang='grc' dir='ltr'><em>πράγμασι</em></span> <span class='ocrx_word' id='word_1_351' title='bbox 961 2900 1074 2940; x_wconf 91' lang='lat' dir='ltr'>brevi</span> <span class='ocrx_word' id='word_1_352' title='bbox 1102 2906 1234 2951; x_wconf 89' lang='lat' dir='ltr'>spatio</span> <span class='ocrx_word' id='word_1_353' title='bbox 1261 2900 1362 2939; x_wconf 89' lang='lat' dir='ltr'>duas</span> <span class='ocrx_word' id='word_1_354' title='bbox 1390 2899 1584 2939; x_wconf 90' lang='lat' dir='ltr'>eiusmodi</span> <span class='ocrx_word' id='word_1_355' title='bbox 1612 2900 1756 2939; x_wconf 87' lang='lat' dir='ltr'>caedes</span> <span class='ocrx_word' id='word_1_356' title='bbox 1784 2906 1823 2939; x_wconf 92' lang='lat' dir='ltr'><em>in</em></span> <span class='ocrx_word' id='word_1_357' title='bbox 1852 2900 1990 2939; x_wconf 91' lang='lat' dir='ltr'>eadem</span> <span class='ocrx_word' id='word_1_358' title='bbox 2018 2906 2179 2940; x_wconf 85' lang='lat' dir='ltr'>civitate</span> <span class='ocrx_word' id='word_1_359' title='bbox 2206 2913 2295 2951; x_wconf 87' lang='lat' dir='ltr'>per-</span> 
     </span>
     <span class='ocr_line' id='line_1_36' title="bbox 317 2953 2295 3004; baseline 0.001 -12"><span class='ocrx_word' id='word_1_360' title='bbox 317 2961 490 3004; x_wconf 88' lang='lat' dir='ltr'>petratas</span> <span class='ocrx_word' id='word_1_361' title='bbox 532 2967 631 2993; x_wconf 88' lang='lat' dir='ltr'>esse.</span> <span class='ocrx_word' id='word_1_362' title='bbox 688 2953 744 2992; x_wconf 75' lang='lat' dir='ltr'><em>At</em></span> <span class='ocrx_word' id='word_1_363' title='bbox 777 2953 991 3004; x_wconf 84' lang='lat' dir='ltr'>Polybium</span> <span class='ocrx_word' id='word_1_364' title='bbox 1023 2954 1157 2993; x_wconf 85' lang='lat' dir='ltr'>caedis</span> <span class='ocrx_word' id='word_1_365' title='bbox 1185 2959 1262 2992; x_wconf 92' lang='lat' dir='ltr'><em>iam</em></span> <span class='ocrx_word' id='word_1_366' title='bbox 1290 2967 1410 3003; x_wconf 90' lang='lat' dir='ltr'>supra</span> <span class='ocrx_word' id='word_1_367' title='bbox 1437 2967 1461 2992; x_wconf 89' lang='lat' dir='ltr'>a</span> <span class='ocrx_word' id='word_1_368' title='bbox 1489 2966 1532 2992; x_wconf 92' lang='lat' dir='ltr'>se</span> <span class='ocrx_word' id='word_1_369' title='bbox 1559 2960 1738 2992; x_wconf 86' lang='lat' dir='ltr'>narratae</span> <span class='ocrx_word' id='word_1_370' title='bbox 1766 2960 1906 2993; x_wconf 89' lang='lat' dir='ltr'>nostro</span> <span class='ocrx_word' id='word_1_371' title='bbox 1934 2953 2029 2993; x_wconf 90' lang='lat' dir='ltr'>loco</span> <span class='ocrx_word' id='word_1_372' title='bbox 2056 2959 2295 2994; x_wconf 89' lang='lat' dir='ltr'>mentionem</span> 
     </span>
     <span class='ocr_line' id='line_1_37' title="bbox 317 3005 1975 3057; baseline -0.001 -11"><span class='ocrx_word' id='word_1_373' title='bbox 317 3014 467 3046; x_wconf 86' lang='lat' dir='ltr'>tantum</span> <span class='ocrx_word' id='word_1_374' title='bbox 497 3006 636 3046; x_wconf 86' lang='lat' dir='ltr'>fecisse</span> <span class='ocrx_word' id='word_1_375' title='bbox 664 3015 842 3057; x_wconf 85' lang='lat' dir='ltr'>apparet,</span> <span class='ocrx_word' id='word_1_376' title='bbox 872 3014 914 3046; x_wconf 89' lang='lat' dir='ltr'><em>ut</em></span> <span class='ocrx_word' id='word_1_377' title='bbox 942 3020 1094 3046; x_wconf 91' lang='lat' dir='ltr'>morum</span> <span class='ocrx_word' id='word_1_378' title='bbox 1124 3006 1315 3045; x_wconf 87' lang='lat' dir='ltr'>feritatem</span> <span class='ocrx_word' id='word_1_379' title='bbox 1344 3005 1583 3045; x_wconf 75' lang='lat' dir='ltr'>Aetolorum</span> <span class='ocrx_word' id='word_1_380' title='bbox 1611 3006 1702 3045; x_wconf 91' lang='lat' dir='ltr'>inde</span> <span class='ocrx_word' id='word_1_381' title='bbox 1730 3014 1975 3046; x_wconf 87' lang='lat' dir='ltr'>monstraret.</span> 
     </span>
    </p>

    <p class='ocr_par' dir='ltr' id='par_1_8' title="bbox 373 3059 2069 3110">
     <span class='ocr_line' id='line_1_38' title="bbox 373 3059 2069 3110; baseline 0.001 -12"><span class='ocrx_word' id='word_1_382' title='bbox 373 3072 456 3100; x_wconf 68' lang='grc' dir='ltr'><em>ιιι-19</em></span> <span class='ocrx_word' id='word_1_383' title='bbox 504 3060 854 3110; x_wconf 69' lang='grc' dir='ltr'><em>“Ὀτι-Χὰ,οεπος]</em></span> <span class='ocrx_word' id='word_1_384' title='bbox 886 3060 1001 3099; x_wconf 88' lang='lat' dir='ltr'>Patet</span> <span class='ocrx_word' id='word_1_385' title='bbox 1029 3060 1107 3099; x_wconf 86' lang='lat' dir='ltr'><em>hoc</em></span> <span class='ocrx_word' id='word_1_386' title='bbox 1136 3059 1395 3110; x_wconf 88' lang='lat' dir='ltr'>fragmentum</span> <span class='ocrx_word' id='word_1_387' title='bbox 1423 3073 1513 3098; x_wconf 88' lang='lat' dir='ltr'>cum</span> <span class='ocrx_word' id='word_1_388' title='bbox 1540 3059 1818 3099; x_wconf 88' lang='lat' dir='ltr'>antecendenti</span> <span class='ocrx_word' id='word_1_389' title='bbox 1845 3059 2069 3099; x_wconf 85' lang='lat' dir='ltr'>cohaerere.</span> 
     </span>
    </p>
   </div>
   <div class='ocr_carea' id='block_1_8' title="bbox 2390 3002 2430 3632">
    <p class='ocr_par' dir='ltr' id='par_1_9' title="bbox 2390 3002 2430 3632">
     <span class='ocr_line' id='line_1_39' title="bbox 2390 3002 2430 3632; baseline 0 0"><span class='ocrx_word' id='word_1_390' title='bbox 2390 3002 2430 3632; x_wconf 95' lang='lat' dir='ltr'><em> </em></span> 
     </span>
    </p>
   </div>
  </div>
 </body>
</html>
